961 487
7 4 914 51 ¶ Assisa venit recognitura si Stephanus filius Warini et Ricardus filius Stephani injuste etc. disseisiverunt Stephanum de Asseford de communa
25 43 934 77 pasture sue in Fenemere que pertinet ad liberum tenementum suum in eadem villa post primam etc. Et unde queritur
20 79 899 110 quod disseisiverunt eum de communa pasture sue in quodam bosco qui continet decem acras in quo solebat habere
19 109 955 157 communam ad omnimoda averia sua per totum annum quousque predictum boscum assartaverunt et in culturam redegerunt
18 149 548 190 ita quod ibi communicare non potest nisi post blada asportata.
17 186 954 237 Et Stephanus et Ricardus veniunt et dicunt quod predictus Stephanus de Asseford injuste tulit assisam istam quia dicunt quod idem Stephanus
24 222 906 269 nunquam fuit in seisina. Dicunt enim quod assartum et aprobamentum illud factum fuit antequam idem Stephanus habuit
25 261 482 294 aliquod tenementum in predicta villa. Et de hoc ponunt se super assisam.
21 292 953 344 Juratores dicunt quod predictus Stephanus filius Warini et Ricardus filius Stephani non disseisiverunt predictum Stephanum de predicta communa quia dicunt
28 332 951 378 quod nunquam fuit in seisina. Dicunt enim quod boscum illum assartaverunt et aprobaverunt per assensum capitalium dominorum
23 364 942 415 manerii illius per longum tempus antequam predictus Stephanus aliquod tenementum habuit in manerio illo. Et ideo consideratum est quod
26 405 937 455 predicti Stephanus et Ricardus inde quieti et predictus Stephanus de Asseford in misericordia. Pardonatur ad instanciam Henrici filii
31 453 185 478 Comitis Cornubie.
