967 597
23 15 927 73 ¶ Burga de Wililegh summonita fuit ad respondendum Margerie de Lascy de placito quod reddat ei Andream filium et
27 49 923 109 heredem Nicolai de Wililegh cujus custodia ad eam pertinet eo quod predictus Nicolaus per servicium militare etc. et
32 88 931 146 unde predicta Margeria per attornatum suum queritur quod cum predictus Nicolaus pater predicti
422 123 438 138 Andree de ea teneret tenementum suum
29 124 938 179 in Russebir per servicium feodi dimidii militis scilicet reddendo ad scutagium domini regis xla solidorum quando evenisset. xxa solidos et ad
32 160 931 223 plus. plus. et ad minus. minus. ita quod predicta Margeria fuit seisita de predictis scutagiis per manus predicti Nicolai
27 199 917 255 die quo predictus Nicolaus fuit mortuus et vivus et post mortem ipsius Nicolai racione predicti forinseci servicii
27 228 949 294 deberet predictus Andreas filius et heres ipsius Nicolai qui est infra etatem. esse in custodia sua. predicta Burga
24 264 917 327 semper post mortem ipsius Nicolai ei detinuit et reddere contradicit predictum Andream unde dicit quod deteriorata est et dampna
20 322 284 371 habet ad valenciam decem librarum. etc.
18 345 936 400 Et Burga venit et vocat ad warantum Johannem de Chetewinde qui venit et ei warantizat et vocat ad warantum Johannem
20 380 950 439 filium Alani qui presens est et ei warantizat. Et dicit quod predicta Margeria nichil clamare    potest in maritagio predicti
16 419 932 472 Andree quia dicit quod predictus Nicolaus pater predicti Andree per quinque annos ante mortem suam maritavit
18 454 929 512 ipsum Andream cuidam filie Walteri de Hugeford qui presens est in seisina de predicto herede. Et petit judicium
21 492 954 546 desicut predictus Nicolaus de Wilileg pater ipsius Andree in vita sua maritavit ipsum Andream sicut ei bene licuit
25 525 964 590 si predicta Margeria aliquod jus clamare poterit in maritagio predicti heredis et si hoc non sufficiat dicet aliud.
