1001 983
15 2 976 50 idem Prior summonitus fuit ad respondendum eidem Nicholaum de placito quod permittat ipsum habere comunam pasture sue In ettonem
20 38 981 90 quam habere debet et solet etc. Et vnde queritur quod cum habere debet et solet comunam pasture in duobus boscis ipsius
20 75 944 133 Prioris in predicta villa scilicet Suthlege et. Eywode ad omnimoda averia sua per totum annum tanquam pertinentem ad
21 111 970 169 liberum tenementum suum quod tenet de libera elemosina pertinente ad predictam ecclesiam. Ita quod omnes antecessores sui persone predicte
25 155 970 206 ecclesie toto tempore suo fuerunt In seisina de predicta comuna in predictis boscis et similiter idem Nicolaus toto tempore suo fuit In
24 200 968 246 eadem seisina de predicta comuna in eisdem boscis ut de Iure pertinente ad predictam ecclesiam suam. quousque predictus Prior
27 239 956 290 Iam deceme et octo annis elapsis ei deforciavit et habere non permisit predictam comunam vnde dicit quod deterioratus est
28 287 362 326 et dampnum habet ad valenciam centum solidorum.
23 317 957 366 Et Prior venit et defendit vim et iniuriam quando etc. Et bene defendit quod nunquam predictus Nicholaus nulla estoueria nec aliquam
24 358 952 402 comunam pasture in predictus boscis suis tanquam pertinencia ad liberum tenementum suum quod tenet de feodo predicte ecclesie sue
25 397 959 442 habere debet nec solet. nec aliquis antecessorum suorum ibi vnquam habuit set reuera dicit quod quidam Stephanus de Hope patronus
28 432 960 478 predicte ecclesie Iam viginti et quinque annis elapss ipsum disseisivit de predictis boscis simil cum alia terra quam tenet In
58 471 954 516 predicta villa et boscos illos simul cum predicta terra tenuit In manu sua per plures annos quousque idem Prior
53 507 951 551 perquisiuit quoddam breve assise nove disseissine versus eum de eodem tenemento per quam idem Prior recuperavit Inde seisinam
33 543 973 589 suam vnde dicit quod bene credit quod predictus Stephanus dum tenuit predictos boscos et predictam terram in manu sua permittens
36 584 968 627 ipsum Nicolaum habere estouerium suum et predictam comunam in bolcis illis set quod idem Nicholaus nec aliquis antecessorum suorum
43 618 966 658 vnquam fuit In seisina de habendo predicta estoueria sua nec predictam comunam in predictis boscis suis ut de Iure perti
37 655 970 697 nente ad predictam ecclesiam suam nisi tempore quo predictus Stephanus tenuit predicta tenementa uel de Gracia et permissione
38 691 521 732 ipsius prioris ponit se super patriam. Et Nichcolaus similiter
36 728 968 786 Juratores dicunt quod predictus Nicholaus nec aliquis antecessorum suorum vnquam fuit in seisina de predictis habendo aliqua estoueria
35 767 944 821 In predicto bosco predicti Prioris de Eywode nec aliquam aliquam comunam pasture in predictis bscis ipsius Prioris
34 807 952 868 de Suthlet et Estwode tamquam pertinencia ad liberum tenementum suum quod tenet de libera elemosina predicte ecclesie sue In
34 847 955 901 Hopebulers nisi tempore quo predictus Stephanus de Hope quondam patronus predicte ecclesie tenuit predictos boscos simul
34 886 958 941 cum alia terra per predictam disseisinamt in manu sua nec aliquam comunam nec aliqua estoueria in bosciss illis habere
38 926 772 975 debet. Et Ideo consideratum est quod predictus Prior Inde sine die et Nicholaus in misericordia pardonatur per Iusticiarios
