<?xml version="1.0" encoding="utf-8"?>
<PcGts xmlns="http://schema.primaresearch.org/PAGE/gts/pagecontent/2019-07-15">
  <Metadata>
    <Creator>kraken 4.3.14.dev11</Creator>
    <Created>2024-01-10T06:01:59.292781+00:00</Created>
    <LastChange>2024-02-25T00:54:46Z</LastChange>
  </Metadata>
  <Page imageFilename="JUST1-734m3b.jpeg" imageHeight="602" imageWidth="971">
    <TextRegion id="textblock_1">
      <Coords points="0,0 0,602 971,602 971,0"/>
      <TextLine id="line_0">
        <Coords points="16,36 15,45 23,46 23,46 28,45 42,43 129,43 156,45 166,46 166,46 173,45 191,43 238,45 252,46 252,46 282,45 378,43 395,45 442,51 442,51 497,51 497,51 532,47 552,51 553,51 640,51 640,51 656,48 672,50 673,50 689,48 716,51 716,51 798,51 798,51 826,46 847,46 847,46 854,44 860,43 875,44 902,46 902,46 924,44 939,43 950,44 950,38 950,17 932,17 931,16 905,12 905,12 887,16 885,17 673,17 661,14 634,9 634,9 594,11 576,9 576,9 556,12 537,9 537,9 520,11 444,9 444,9 424,12 411,14 395,12 386,11 386,11 379,12 359,15 329,12 310,10 263,9 263,9 244,11 213,14 186,11 176,9 175,9 167,10 132,15 105,10 101,9 101,9 88,10 57,11 16,9 16,36"/>
        <Baseline points="12,36 132,39 449,39 679,43 950,38"/>
        <TextEquiv>
          <Unicode>¶ assisa uenit recognitura si Robertus Corbet iniuste etc. disseisivit Egidium de Erdintono de comuna pasture sue in Mortonum et</Unicode>
        </TextEquiv>
      </TextLine>
      <TextLine id="line_1">
        <Coords points="25,67 24,74 35,73 48,75 57,76 57,76 62,75 84,71 125,72 149,76 156,77 157,77 164,76 182,73 217,77 218,77 219,77 219,77 243,74 258,76 258,76 283,75 309,78 341,82 500,85 500,85 534,82 545,84 545,84 585,83 604,86 604,86 652,82 660,81 665,82 680,85 680,85 695,83 728,85 728,85 759,83 764,83 768,83 784,85 784,85 793,83 795,83 841,83 844,84 879,88 880,88 904,85 904,85 931,85 931,76 931,60 909,62 889,59 866,56 807,55 807,55 789,58 770,60 748,57 726,54 725,54 709,56 697,58 678,56 655,53 654,53 622,55 602,56 568,54 519,50 518,50 482,52 443,54 426,51 411,49 411,49 386,51 358,53 342,50 337,49 294,47 293,47 275,49 252,51 239,49 239,49 211,52 109,50 81,45 76,44 75,44 70,45 50,48 25,44 25,67"/>
        <Baseline points="25,67 501,78 803,79 931,76"/>
        <TextEquiv>
          <Unicode>Prestonum que pertinet ad liberum tenementum suum in Besford post primam etc. et unde queritur quod Deus eum de comuna pasture sue</Unicode>
        </TextEquiv>
      </TextLine>
      <TextLine id="line_2">
        <Coords points="946,98 877,98 870,96 854,94 853,94 843,96 838,97 786,97 771,95 720,87 719,87 677,93 661,95 624,92 624,92 585,95 513,95 484,89 461,85 460,85 430,89 419,90 407,88 376,84 339,83 259,83 258,83 242,85 199,91 160,84 151,82 151,82 127,83 111,84 104,83 97,82 23,81 22,101 22,110 160,111 160,111 205,115 226,120 227,120 249,117 276,122 276,122 312,115 333,115 367,120 367,120 390,118 409,121 409,121 425,118 454,121 454,121 478,120 503,124 504,124 542,122 565,124 687,126 688,126 711,126 711,126 739,122 771,122 771,122 792,119 833,121 833,121 858,118 879,120 880,120 901,119 915,122 915,122 946,117 946,115 946,98"/>
        <Baseline points="22,101 274,109 372,109 429,114 579,118 946,115"/>
        <TextEquiv>
          <Unicode>de quadam mora que continet quadraginta acras in qua solebat habere comunam tanquam pertinentam ad liberum tenementum suum in eadem </Unicode>
        </TextEquiv>
      </TextLine>
      <TextLine id="line_3">
        <Coords points="27,140 27,145 147,147 150,148 164,149 164,150 252,150 288,150 294,150 324,154 324,154 338,152 370,155 392,161 456,162 457,162 484,159 498,162 557,163 557,163 571,162 610,164 610,164 653,163 675,165 731,166 731,166 771,163 822,165 822,165 857,162 881,166 881,166 913,162 914,162 947,163 948,158 948,137 920,134 920,134 896,136 890,136 886,136 865,131 865,131 817,133 774,130 774,130 755,133 739,131 739,131 728,132 722,133 717,132 707,130 706,130 687,132 671,133 641,131 628,130 628,130 623,130 611,132 577,129 568,129 568,129 566,129 559,131 539,129 538,129 537,129 532,129 459,129 449,127 444,126 444,126 429,127 393,128 373,125 347,122 132,118 132,118 116,120 94,123 27,119 27,140"/>
        <Baseline points="27,140 180,145 275,145 347,150 595,160 912,160 948,158"/>
        <TextEquiv>
          <Unicode>villa per totum annum ad omnimoda averia sua quousque idem Robertus ei deforciauit pasturam illam et similiter queritur quod cum </Unicode>
        </TextEquiv>
      </TextLine>
      <TextLine id="line_4">
        <Coords points="28,176 28,183 130,184 134,185 167,188 167,188 205,187 233,192 263,193 263,193 308,188 310,188 312,188 346,195 346,195 398,192 420,196 420,196 439,194 476,197 476,197 511,195 557,199 688,202 688,202 738,201 749,199 811,202 812,202 827,201 841,203 841,203 890,201 920,203 920,203 965,202 966,195 966,171 917,170 917,170 892,172 865,169 865,169 837,172 806,169 805,169 790,171 768,167 768,167 707,173 696,171 696,171 682,173 667,170 667,170 640,172 575,171 537,170 509,165 509,165 479,169 451,165 451,165 439,166 425,163 424,163 396,164 380,161 380,161 346,166 282,165 235,157 234,157 222,158 186,155 186,155 137,159 85,153 84,153 28,152 28,176"/>
        <Baseline points="28,176 118,182 296,184 459,192 543,192 717,197 834,199 966,195"/>
        <TextEquiv>
          <Unicode>habere debeat communam pasture sue in quodam bulneto quod continet quinque acras ad omnimoda averia sua post Blada </Unicode>
        </TextEquiv>
      </TextLine>
      <TextLine id="line_5">
        <Coords points="943,215 910,211 909,211 897,213 882,216 815,215 796,211 756,211 738,209 717,206 716,206 695,208 683,208 670,207 651,204 625,204 625,204 615,205 608,206 588,205 561,202 561,202 552,203 541,205 516,203 515,203 470,206 430,200 417,198 416,198 400,199 363,201 341,197 333,196 301,195 301,195 293,196 273,198 263,195 259,194 258,194 258,194 252,195 220,199 141,197 114,192 114,192 54,192 32,189 31,218 31,229 81,230 81,230 83,230 112,225 136,226 170,231 180,233 180,233 190,232 229,228 259,231 260,231 363,231 387,235 404,238 477,240 477,240 499,238 523,238 607,238 615,240 627,242 627,242 652,240 652,240 653,240 666,243 666,243 678,241 679,241 680,241 721,246 721,246 758,244 785,248 785,248 843,244 849,243 869,244 871,244 896,249 897,249 915,246 942,246 943,238 943,215"/>
        <Baseline points="31,218 135,220 198,225 339,226 587,236 712,238 777,240 915,240 943,238"/>
        <TextEquiv>
          <Unicode>asportata de campis bulneto illo adiacentibus predictus Robertus bulnetum illud Includi fecit fossato et Haya nec </Unicode>
        </TextEquiv>
      </TextLine>
      <TextLine id="line_6">
        <Coords points="44,261 44,264 100,264 109,265 110,266 115,269 115,269 115,269 116,269 116,269 125,266 128,265 145,265 150,267 164,273 164,273 184,273 185,273 185,273 194,271 202,274 203,274 223,274 223,274 224,274 237,270 239,269 241,270 248,273 248,273 249,273 263,271 264,271 264,271 271,275 271,275 271,275 279,276 279,276 298,273 307,274 308,274 308,274 313,272 317,271 323,273 325,273 326,273 329,273 351,271 362,274 368,275 369,275 381,274 381,270 381,253 331,252 330,251 324,249 323,249 323,249 309,251 307,251 307,251 285,240 285,240 279,240 279,240 214,242 213,242 201,247 187,243 177,237 177,237 177,237 152,237 152,237 151,237 140,241 120,236 120,236 120,236 119,236 102,241 99,240 99,240 99,240 98,240 76,244 44,244 44,261"/>
        <Baseline points="27,261 154,263 261,268 381,270"/>
        <TextEquiv>
          <Unicode>permittit ipsum aliquo tempore ibi habere comunam </Unicode>
        </TextEquiv>
      </TextLine>
      <TextLine id="line_7">
        <Coords points="26,301 25,308 178,309 179,310 218,317 219,317 260,314 294,317 294,317 312,314 361,318 361,318 380,316 430,315 444,317 444,317 461,316 495,321 631,323 632,323 695,320 722,324 742,324 742,324 825,317 840,317 865,323 865,323 887,319 902,321 902,321 945,318 945,314 945,285 905,285 904,285 904,285 889,287 860,284 857,284 857,284 854,284 831,287 782,285 782,285 727,289 711,286 711,286 666,290 647,289 646,289 627,291 487,289 454,281 450,281 450,281 442,281 401,285 381,282 308,282 307,282 284,285 246,280 246,280 207,284 183,279 179,279 178,279 170,279 166,279 165,279 148,276 51,275 51,275 26,278 26,301"/>
        <Baseline points="26,301 227,307 299,311 434,314 528,319 632,319 714,317 945,314"/>
        <TextEquiv>
          <Unicode>et Robertus venit et dicit quod predictus Egidius iniuste tulit assisam istam quia dicit quod idem Egidius nec aliquis antecessorum </Unicode>
        </TextEquiv>
      </TextLine>
      <TextLine id="line_8">
        <Coords points="948,329 937,331 922,329 905,326 905,326 882,327 864,323 863,323 836,327 816,325 816,325 806,327 790,330 751,330 733,326 730,325 730,325 724,326 679,329 651,325 650,325 650,325 649,325 625,329 542,329 518,324 518,324 509,325 495,322 493,322 493,322 492,322 464,328 421,328 388,321 383,320 364,320 364,320 360,321 335,325 312,320 312,320 292,324 278,322 278,322 255,326 240,326 207,318 203,318 203,318 186,318 155,319 146,318 143,317 28,316 27,336 27,348 207,352 207,352 227,350 268,355 269,355 287,353 331,360 424,360 424,360 442,357 471,357 496,361 619,362 619,362 664,362 664,362 695,358 746,361 747,361 768,358 817,359 817,359 852,356 876,358 876,358 948,356 948,349 948,329"/>
        <Baseline points="27,336 144,345 281,350 416,351 548,357 760,355 948,349"/>
        <TextEquiv>
          <Unicode>qui predictum tenementem de Besford tenuerunt nunquam aliquam comunam ibi habuit nec habere debet nec solet nisi de gracia vel permissione </Unicode>
        </TextEquiv>
      </TextLine>
      <TextLine id="line_9">
        <Coords points="755,369 721,364 666,363 665,363 648,367 638,369 570,368 553,364 539,362 539,362 521,364 498,366 480,363 459,359 459,359 446,362 434,365 415,361 404,359 404,359 383,360 370,357 370,357 356,360 345,362 333,359 322,357 322,357 308,358 283,362 249,362 227,357 213,354 213,354 201,356 181,360 163,356 162,356 150,357 140,354 130,352 130,352 78,351 78,351 69,353 54,356 32,352 32,374 32,384 46,381 174,383 193,387 212,391 231,392 263,392 263,392 278,389 289,386 315,386 345,386 353,389 353,389 354,389 368,387 392,391 417,396 449,396 449,396 479,393 502,397 502,397 529,396 539,397 540,397 557,395 567,393 576,395 587,397 587,397 594,395 601,394 630,395 635,396 659,400 722,402 722,402 739,398 743,398 754,398 755,390 755,369"/>
        <Baseline points="23,374 80,375 131,379 361,383 574,391 755,390"/>
        <TextEquiv>
          <Unicode>et pro suo dando scilicet pro arruris et gallinis dandis per annum et de hoc ponit se super assisam </Unicode>
        </TextEquiv>
      </TextLine>
      <TextLine id="line_10">
        <Coords points="24,423 24,430 151,430 153,431 171,434 231,438 231,438 263,438 263,438 280,435 301,437 302,437 315,435 332,438 332,438 375,438 375,438 407,433 495,435 495,435 508,434 541,438 541,438 562,436 579,438 579,438 682,437 711,435 751,437 751,437 790,433 828,436 828,436 845,432 856,432 871,431 944,432 945,427 944,398 911,403 895,400 895,400 861,405 814,400 813,400 803,403 792,401 792,401 775,404 735,402 735,402 712,406 601,406 570,403 569,403 537,406 478,406 453,400 453,400 436,401 422,399 422,399 377,401 346,406 333,404 333,404 277,404 224,398 220,397 184,397 184,397 181,398 166,400 154,398 152,397 152,397 24,397 24,423"/>
        <Baseline points="20,422 119,424 215,430 320,432 718,433 945,427"/>
        <TextEquiv>
          <Unicode>Juratores dicunt quod predictus Robertus disseisivit predictum Egidium de predicta comuna pasture Iniuste etc. sicut breve dicit Quia dicunt </Unicode>
        </TextEquiv>
      </TextLine>
      <TextLine id="line_11">
        <Coords points="30,455 30,470 63,474 63,474 83,471 90,470 97,471 115,474 116,474 138,471 148,470 183,471 184,471 185,471 185,471 214,469 233,471 257,475 383,476 383,476 407,473 445,474 445,474 468,472 493,470 508,472 533,476 533,476 562,473 576,471 604,471 611,473 616,474 616,474 626,473 642,471 654,473 662,474 662,474 684,473 724,471 740,473 744,474 744,474 756,473 798,472 814,474 819,474 820,474 826,474 839,473 846,474 853,475 853,475 861,474 870,472 953,474 954,468 953,451 924,449 924,449 906,450 878,452 751,451 730,447 725,446 725,446 721,447 700,451 613,451 586,445 560,440 497,439 460,439 460,439 444,442 406,440 406,440 393,442 349,448 250,440 250,440 232,443 210,440 210,440 184,444 149,438 142,437 142,437 130,438 115,439 102,437 96,437 30,436 30,455"/>
        <Baseline points="28,455 116,463 188,465 321,471 468,469 652,470 954,468"/>
        <TextEquiv>
          <Unicode>quod predictus Egidius et omnes antecessores sui qui predictum tenementum de Besford tenuerunt semper communicare solent et debent </Unicode>
        </TextEquiv>
      </TextLine>
      <TextLine id="line_12">
        <Coords points="26,504 123,504 125,505 163,510 163,510 178,508 206,510 207,510 221,508 297,511 297,511 365,508 400,512 501,513 502,513 534,510 554,514 555,514 575,512 586,514 586,514 603,512 617,514 617,514 627,512 668,513 669,513 693,510 710,510 734,515 734,515 785,511 845,516 845,516 915,511 915,505 914,487 840,488 820,486 763,478 763,478 729,481 706,479 706,479 690,481 669,478 626,477 626,477 602,480 587,477 538,476 513,476 513,476 494,480 470,485 436,481 436,481 420,484 389,484 341,480 341,480 323,482 283,481 283,481 264,483 201,483 175,481 143,474 137,473 137,473 123,474 102,475 91,473 85,472 28,472 27,494 26,504"/>
        <Baseline points="21,494 146,505 304,508 398,507 505,509 794,509 915,505"/>
        <TextEquiv>
          <Unicode>cum omnimodis averiis suis per totum annum in predicta mora et similiter in predicto bulneto post Blada de campis de </Unicode>
        </TextEquiv>
      </TextLine>
      <TextLine id="line_13">
        <Coords points="946,526 833,525 827,524 789,516 755,516 754,516 727,522 718,524 696,524 682,521 670,519 670,519 618,519 601,516 601,516 562,517 551,518 531,521 491,521 471,517 467,516 466,516 460,517 436,519 408,516 408,516 390,518 372,515 357,512 357,512 338,514 289,519 228,515 214,512 206,510 186,510 186,510 178,511 167,513 150,511 142,510 23,508 23,535 23,541 154,542 156,542 167,544 168,544 183,542 186,542 188,543 240,551 305,552 305,552 348,547 362,549 362,549 376,547 399,550 399,550 413,548 429,549 462,554 571,555 571,555 613,550 642,553 642,553 671,553 692,556 692,556 755,549 764,550 764,550 788,549 789,549 790,549 856,553 857,553 877,550 930,552 931,552 946,550 946,542 946,526"/>
        <Baseline points="23,535 251,539 330,543 557,546 627,545 717,546 857,545 946,542"/>
        <TextEquiv>
          <Unicode>bulneto illi adiacentibus quam pertinentibus ad liberum tenementum ipsorum de Besford sine aliquo suo dando et ideo consideratum est </Unicode>
        </TextEquiv>
      </TextLine>
      <TextLine id="line_14">
        <Coords points="43,572 43,582 51,586 51,586 72,586 72,586 82,584 89,587 90,587 103,587 104,587 116,584 126,582 134,585 142,588 143,588 164,588 164,588 182,588 183,588 187,586 204,589 204,589 216,586 227,584 254,586 255,586 255,586 260,585 265,587 266,587 266,587 273,586 277,588 284,591 284,591 284,591 297,591 297,591 298,591 306,588 308,588 326,589 327,589 327,589 336,586 373,587 376,589 377,589 377,589 377,589 405,588 434,588 449,592 450,584 450,557 422,556 422,556 422,556 421,556 412,559 402,558 402,558 401,558 387,563 375,563 355,562 337,557 336,557 336,557 322,561 294,561 278,554 278,554 278,554 277,554 258,560 234,552 233,552 233,552 216,555 211,552 210,552 196,552 196,552 196,552 187,556 150,557 119,549 119,549 119,549 118,549 118,549 97,556 90,556 73,548 72,548 43,548 43,572"/>
        <Baseline points="25,571 106,577 183,580 276,583 450,584"/>
        <TextEquiv>
          <Unicode>quod predictus Egidius recuperet seisinam suam et Robertus in misericordia.</Unicode>
        </TextEquiv>
      </TextLine>
    </TextRegion>
  </Page>
</PcGts>
