992 621
20 0 974 60 ¶ Iuratores dicunt quod predicta terra est de feodo predicti Abbatis. et quod predictus Willelmus Burnel illam de eo tenuit et non de domino regni. Et dicunt
24 27 978 90 quod quando predictus Willelmus fecerat predictam feloniam seisiuit dominus Rex in manum suam omnes terras et tenementa ipsius Willelmi scilicet tam pre
24 60 978 117 dictam terram que est de feodo predicti Abbatis racione anni et uasti quam alias terras et tenementa que tenuit de domino. regis. in capite racione esca
25 93 982 151 ette sue. Et dicunt quod post annum et diem elapsos, predictus Abbtus non statim perquisiuit sibi versus dominum. regem.  de habenda seisina predicte
25 119 975 180 terre ut de escaetta sua. eo quod tunc temporis non fuit aliquis certus Abbatus. Immo contencio fuit inter istum Abbatem et quemdam
24 153 980 214 alium quem episcopus Cestrensis prefecerat Abbatem Salopem. Et dicunt quod postea in processu temporis dominus Rex dedit omnes terras
23 194 979 243 et tenementa que fuerunt predicti Willelmi Burnel in predictis villis de Roclegh. Langelegh. et Hothal. cuidam Elye de Ekingham
21 220 976 279 ad terminum vite sue. scilicet tam predictam terram de  qua predictus et Abbas modo queritur, quam alias terras suas. eo quod nec idem Abbas nec
22 250 975 308 aliquis aliusaliquid iuris adhuc tunc vendicabat in predicta terra. Et dicunt quod post mortem predicti Elye, reuertebatur
18 283 984 345 predicta terra in manum domini. regis. Et tunc primo venit predictus Abbas ad ipsum dominum Regem. et peciit predictam terram sibi restitui predictam
20 320 960 374 terram sibi restitui tanquam eschaettam suam. Ita quod primo impetrauit quasdam litteras de inquisicione sicut predictum est. Et
20 346 976 415 postea ex quo dominus Rex accepit per inquisicionem illam quod predicta terra est de feodo ipsius Abbatis, reddidit eidem Abbati
17 381 985 448 predictam terram. Ita quod idem Abbas optinuit breve domini Regis directum vicecomiti de habenda seisina sua de predicta terra. per quod breve
17 421 972 476 positus fuit Inde in plenaria seisina per balliuos eiusdem vicecomitis. Et quod seisina sua pacifice vsus est circiter per dimidiam annum. Ita
48 455 974 508 quod prosternere fecit plures arbores in quodam alneto quod est de eadem terra. et herbam similiter in eodem alneto falcare fecit
18 482 967 543 et secare. Et dicunt quod dominus Rex postea dedit et concessit predictam escaettam suam predicto Willelmo de Gardinis in feodo
17 515 961 577 Et idem Willelmus occasione illius donationis predictum Abbatem de predicta terra eiecit. Vnde dicunt quod disseisivit eum de predicto tenamento In
25 543 892 606 iuste etc. Sicut breve dicit. Et Ideo consideratum est quod predictus Abbas recuperet seisinam suam per visum recognitorum. Et Willelmus in misericordia.
