980 497
6 4 968 56 ¶ Assisa venit recognitura si Ricardus de Cherleton injuste etc. disseisiverunt Walteru le Peleter de Cherleton de libero tenemento suo in Cher
19 45 519 82 letona post primam etc. Et unde queritur quod disseisivit eum de sex acras terre.
21 76 956 112 Et Ricardus venit et dicit quod non disseisivit eum de predicta terra quia dicit quod non disseisivit eum de predicta terra quia dicit quod alias tulit
38 109 969 149 assisam mortis antecessoris versus eundem Walterum de duabus partibus dimidie virgate terre scilicet in ultimo itinere scilicet. R. de Turke in comitatu
23 148 950 179 isto. Et ibi venit predictus Walterus et predictam terram ei reddidit. Et dicit quod predicte sex acre de quibus modo queritur est de corpore
21 178 891 215 predictarum duarum parcium predicte dimidie virgate terre et quod nullam aliam disseisinam ei inde fecit ponit se super assisam.
24 220 954 252 Et Walterus dicit quod predicte sex acre terre non sunt de corpore predicte terre quam eidem Ricardo reddidit. quia dicit quod eo tempore quo
21 252 967 291 predicta assisa capta fuit de predictis duabus partibus predicte dimidie virgate terre tenuit mater ipsius Walteri predictas sex acras terre
22 286 975 324 in dotem que postea per logum tempore post predictam assisam captam. eidem Waltero descendit jure hereditario post mortem predicte matris
250 326 267 340 unum
20 325 965 369 sue ita quod eam tenuit fere per annum pacifice quousque predictus Ricardus ipsum inde disseisivit et de hoc ponit se super assisam.
35 368 973 405 Juratores dicunt quod predicte sex acre terre non sunt de corpore predictarum duarum parcium predicte dimidie virgate terre quam predictus Walterus
21 403 958 447 reddidit predicto Ricardo per predictam racionem et quod idem Ricardus disseisivit predictum Walterum de eisdem sex acris terre injuste etc.
18 440 837 493 sicut breve dicit. Et ideo consideratum est quod predictus Walterus recoperet seisinam suam per visum recognitum. et Ricardum in misericordia.
