963 789
6 0 919 41 ¶ Assisa venit recognitura si Reginaldus de Erleton pater Juliane filie Reginaldi fuit seisitus in dominico suo etc. de uno mesuagio et octo acris terre
10 35 934 78 cum pertinenciis in Erleton die quo etc. et si etc. Quod mesuagium et quam terram Radulfus Goky et Petronilla uxor ejus tenent
10 71 302 109 qui veniunt et nichil dicunt quare assisa remaneat.
12 98 920 137 Juratores dicunt quod predictus Reginaldus pater predicte Juliane obiit seisitus de predictis mesuagio et terra ut de feodo et post terminum et quod predicta
13 133 879 179 Juliana propinquior heres ejus est. Et ideo consideratum est quod predicta Juliana recuperet seisinam suam et predicti Radulfus et Petronilla in misericordia.
6 184 924 234 ¶ Assisa venit recognitura si Thomas Corbet injuste etc. disseisivit Fulconem filium Warini juniorem de libero tenemento suo in
14 221 599 271 Alberbyr. post primam etc. Et unde queritur quod disseisivit eum de circiter vixx acris terre.
18 248 926 302 Et Thomas venit et dicit quod non disseisivit eum de predicta terra quia dicit quod predicta terra unde queritur est de feodo ipsius Thome et quod
20 282 940 334 predictus Fulco coram pluribus magnatibus et domini regis fidelibus homagium suum ei reddidit et similiter predictam terram et precise
21 313 938 368 dixit quod nunquam terram illam vel aliquam aliam de teneret. Et ea racione posuit se in seisina de eadem terra sicut bene
22 357 409 394 ei licuit ex quo predictus Fulco illam ei wayvavit.
21 368 945 437 Et predictus Fulco dicit quod nunquam ei reddidit ei predictam terram nec homagium suum. Et precise petit judicium quod eciam si ita esset
24 411 944 462 quod per iram vel motum animi verbotenus homagium suum ei reddidisset nec postea statum suum mutaret set
24 432 956 500 in seisina sua continue permaneret si predictus Thomas occasione simplicis dicti sui posset ipsum de tenemento suo disseisire. Et quod predictam
26 476 633 531 terram nunquam ei reddidit sponte sua et bona voluntate ponit se super assisam.
28 490 949 560 Juratores dicunt quod quidam dies amoris captus fuit inter predictum Thomam et Gryffinum filium Wennonwyn de pluribus contencionibus
30 521 952 584 ubi convenerunt plures magnates ubi eciam interfuit predictus Fulco. Et ibi predictus Thomas et predictus Fulco conrixati fu
32 544 949 612 erunt ita quod idem Thomas vocavit Fulconem patrem ipsius Fulconis proditorem. Et predictus Fulco de hoc vehementi ira
36 576 955 636 motus mandavit predicto Thome quod ex quo tantum crimen imposuit patri suo et sibi quod homagium suum ei redderet et quod nunquam
41 593 948 658 aliquam terram de eo teneret. Et juratores quesiti si predictus Fulco in propria persona sua homagium suum redderet predicto Thome dicunt quod
44 624 937 682 non immo per interpositam personam scilicet per quendam Hamonem le Strange. Et juratores quesiti si idem Fulco postquam istud
46 650 941 710 mandavit rediit ad seisinam suam de predicta terra dicunt quod sic et quod idem Fulco est in seisina de castro de Alberbyr quod
49 675 950 735 est capitale manerium pertinens ad eandem terram et quod terram illam fecit arare et manuoperari circiter per octo dies quous
48 697 945 774 que predictus Thomas ipsum de predicta terra ejecit. Et ideo consideratum est quod predictus Fulco recuperet seisinam suam per visum recognitorum et Thomas in
57 770 101 790 misericordia.
