1032 1014
29 0 1019 50 ¶ Magister Thomas de Schyreford summonitus fuit ed respondendum Willelmo Dod et Petronille uxori ejus de placito quod reddat
32 39 1006 101 eis viginti et quinque solidos qui eis aretro sunt de annuo redditu quinque solidorum quem eis debet etc. Et unde predicti Willelmus et
34 79 970 136 Petronilla queruntur quod cum predictus Magister Thomas tenuisset quoddam tenementum suum in Watton de Roberto de Gyros per
41 118 1014 175 servicium quinque solidorum per annum et idem Robertus de Giros jam duodecim annis elapsis dedisset et concessisset predicto Willelmo Dod
47 162 1007 217 predictum redditum quinque solidorum in maritagium cum predicta Petronilla uxore sua percipiendum per manus ipsius Magistri Thome ita quod idem
50 200 977 257 Magister Thomas per donacionem et assignacionem quando predictus Robertus cis inde fecerat gratis atturnavit se predictis Willelmo et
49 234 1020 296 Petronille de predicto redditu ita quod iidem Willelmus et Petronilla fuerunt in seisina de predicto redditu per manus ipsius Magistri Thome
58 273 1002 336 per sex annos. predictus Magister Thomas jam quinque annis elapsis eis detinuit et reddere contradicit predictum annuum redditum
49 309 1020 377 ita quod eis aretro sunt predicti viginti et quinque solidi unde dicunt quod deteriorati sunt et dampnum habent ad valenciam xxa solidorum.
51 374 257 412 Et inde producunt sectam etc.
47 385 1019 450 Et Magister Thomas venit et defendit vim et injuriam quando etc. Et bene cognoscit quod tenet predictum tenementum suum in predicta villa de predicto
46 423 1017 482 Roberto de Gyros per predictum servicium quinque solidorum per annum set bene defendit quod predictus Robertus nunquam atturnavit ipsum Magistrum
49 464 1016 514 Thomam ad reddendum predictis Willelmo et Petronille predictum annuum redditum nec ipsi Willelmus et Petronilla unquam per aliquam assignacionem
50 499 1003 553 ipsius Roberti fuerunt in seisina de annuo redditu illo per manus ipsius Thome set revera dicit quod idem Willelmus aliquo
46 534 1016 581 tempore fuit balliuus ipsius Roberti et eo tempore codem Willelmo reddidit annuum redditum illum tanquam balliuus ipsius Roberti. Et quam cito
43 566 1013 616 receperat quod predictus Robertus dedisset et concessisset eisdem Willelmo et Petronille predictum redditum subtraxit se de reddendo ei
42 601 1011 656 redditum illum. Et quod predicti Willelmus et Petronilla nunquam fuerunt in seisina de predicto redditu per manus ipsius Magistri Thome
42 639 1006 693 nec aliquam assignacionem quam predictus Robertus eis inde fecerat nisi tanquam ballivus ipsius Roberti ponit se super patriam. Et
51 677 1011 726 Willelmus et Petronilla similiter. Et Thomas per sic quod inquiratur offert domino regi dimidiam marcam et Willelmus aliam dimidiam marcam pro eodem et
45 714 1021 761 recipitur. Ideo fiat inde jurata. Et Willelmus de Leuidegrane Johannes de Bromden Rogerus de Bolde Willelmus Hokeman recognitores
47 753 312 791 ejusdem jurate non veniunt. Ideo in misericordia.
48 783 1022 830 Juratores dicunt quod predictus Osbertus de Gyros dedit et concessit predicto Willelmo   Dod predictum annuum redditum in maritagium cum predicta Pe
52 815 1030 865 tronilla uxore sua percipiendum a manus predicti Magistri Thome et quod idem Magister Thomas attornavit se eisdem Willelmo et Petronille
53 846 1008 899 de eodem redditu ita quod idem Willelmus et Petronilla fuerunt in seisina de percipiendo predictum redditum quousque jam sex annis e
56 874 1001 927 lapsis quod predictus Magister Thomas eis detinuit predictum redditum quousque iam sex annis elapsis quod predictus Magister Thomas
56 905 998 955 eis detinuit predictum redditum sicut predictum est. Et ideo consideratum est quod predicti Willelmus et Petronilla recuperent seisinam suam de predicto
56 936 1015 989 redditu percipiendo per manus ipsius Magistri Thome et similiter predicta arreragia sua xxv solidorum et dampna que taxantur
15 968 718 1012 ad x solidos. Et predictus Magister Thomas in misericordia. Et preceptum est vicecomiti quod de terris et catallis etc.
