<?xml version="1.0" encoding="utf-8"?>
<PcGts xmlns="http://schema.primaresearch.org/PAGE/gts/pagecontent/2019-07-15">
  <Metadata>
    <Creator>kraken 4.3.14.dev11</Creator>
    <Created>2024-01-10T06:02:49.160568+00:00</Created>
    <LastChange>2024-02-25T00:01:26Z</LastChange>
  </Metadata>
  <Page imageFilename="JUST1-734m4da.jpeg" imageHeight="1030" imageWidth="998">
    <TextRegion id="textblock_1">
      <Coords points="0,0 0,1030 998,1030 998,0"/>
      <TextLine id="line_0">
        <Coords points="6,72 6,79 28,77 38,79 61,82 61,82 181,78 182,78 191,76 204,78 204,78 256,72 266,70 272,71 304,74 305,74 357,73 402,66 437,61 492,60 509,62 509,62 510,62 524,59 541,62 549,63 550,63 551,63 555,61 565,57 612,56 623,59 636,63 637,63 638,63 658,59 675,62 675,62 676,62 691,57 693,56 727,52 779,54 791,54 791,54 797,53 814,50 845,52 860,52 860,52 871,50 888,48 896,50 907,52 908,52 933,49 945,47 987,47 987,40 983,6 963,12 932,8 914,6 913,6 853,8 832,12 812,16 790,14 765,12 765,12 764,12 750,16 743,17 733,16 706,13 706,13 668,19 662,20 655,20 596,16 596,16 527,18 489,26 483,27 479,26 453,22 452,22 408,29 351,29 350,29 350,29 340,32 331,35 321,33 303,29 303,29 302,29 281,34 274,36 262,35 235,33 234,33 216,37 205,40 96,43 89,42 63,38 62,38 5,45 6,72"/>
        <Baseline points="6,72 117,72 228,65 553,54 695,45 987,40"/>
        <TextEquiv>
          <Unicode>¶ Willelmus de Harecurt summonitus fuit ad respondendum Abbati de Lilleshull de placito quare fecit vastum et vendicionem in bosco  </Unicode>
        </TextEquiv>
      </TextLine>
      <TextLine id="line_1">
        <Coords points="17,112 17,119 85,119 85,118 100,115 113,113 121,115 133,116 133,116 148,113 165,110 206,111 227,112 228,112 240,110 266,106 287,108 302,109 302,109 317,107 339,103 365,105 382,107 382,107 557,100 568,97 575,96 618,96 672,95 682,93 694,91 715,92 731,93 732,93 733,93 739,91 755,87 833,87 833,86 893,81 915,85 922,85 923,85 961,82 961,74 959,45 905,49 890,48 880,47 880,47 866,49 833,54 822,51 822,51 821,51 821,51 809,55 796,52 790,51 790,51 687,54 668,58 638,64 619,61 606,58 606,58 585,58 584,58 571,63 555,68 540,64 529,62 528,62 499,66 469,70 456,68 442,66 442,66 441,66 429,69 417,73 385,72 368,71 367,71 355,73 337,76 305,76 220,73 219,73 219,73 195,81 190,82 184,81 165,78 164,78 126,84 125,84 16,89 17,112"/>
        <Baseline points="17,112 131,111 255,103 540,93 750,78 961,74"/>
        <TextEquiv>
          <Unicode>de Tonge quominus idem Abbas in futurum habere possit racionabile estoverium suum ad grangeam suam de Lysyard  </Unicode>
        </TextEquiv>
      </TextLine>
      <TextLine id="line_2">
        <Coords points="15,153 121,149 121,149 122,149 129,147 159,148 167,148 168,148 168,148 171,147 190,142 235,143 235,143 236,143 250,138 369,134 403,137 406,137 406,137 407,137 408,137 417,133 436,136 437,136 469,131 499,133 500,133 500,133 511,129 565,129 566,129 582,126 609,129 627,131 627,131 647,127 674,123 729,124 778,125 779,125 806,120 822,118 835,119 856,121 856,121 892,117 921,113 981,113 981,107 980,84 939,85 938,85 919,81 919,81 898,85 871,81 870,81 802,86 748,86 747,86 725,90 693,88 692,88 692,88 671,95 664,97 655,96 627,91 627,91 590,97 572,93 572,93 571,93 557,98 540,96 539,96 519,101 507,104 499,101 479,96 478,96 478,96 446,104 442,104 433,104 409,103 409,103 408,103 400,105 393,108 377,108 371,107 350,101 349,101 349,101 321,103 321,103 303,109 302,109 302,109 282,104 282,104 281,104 232,108 232,108 215,112 196,117 57,122 14,120 15,147 15,153"/>
        <Baseline points="15,147 160,141 266,132 494,127 655,119 981,107"/>
        <TextEquiv>
          <Unicode>quod in eo habere et hucusque habere solet etc. Et unde predictus Abbas queritur quod cum ipse et omnes antecessores sui a fundacione</Unicode>
        </TextEquiv>
      </TextLine>
      <TextLine id="line_3">
        <Coords points="23,181 23,187 133,183 135,183 200,175 218,179 219,179 219,179 221,179 251,171 338,171 338,171 350,168 390,171 390,171 498,162 527,166 532,167 532,167 541,165 591,158 603,161 604,161 604,161 690,154 709,157 710,157 774,151 795,155 802,156 802,156 877,152 878,152 880,151 889,148 905,150 915,151 916,151 981,147 981,145 979,118 928,120 926,120 883,112 882,112 882,112 866,117 817,115 817,115 816,115 779,125 754,120 753,120 723,125 699,120 698,120 660,121 659,121 619,132 616,133 560,134 559,134 535,127 535,127 534,127 533,127 521,131 480,129 480,129 479,129 458,138 456,139 433,140 428,139 400,133 400,133 374,137 349,133 349,133 312,135 311,135 292,141 278,137 277,137 276,137 184,140 142,150 135,152 21,155 23,181"/>
        <Baseline points="23,181 167,175 314,162 499,159 836,143 981,145"/>
        <TextEquiv>
          <Unicode>predicte ecclesie sue de Lilleshill semper fuerunt in seisina de habendo racionabilia estoveria in predicto bosco de Tonge  </Unicode>
        </TextEquiv>
      </TextLine>
      <TextLine id="line_4">
        <Coords points="23,217 23,220 58,222 58,222 111,217 134,220 135,220 214,216 246,210 259,208 276,209 317,212 318,212 341,208 354,210 355,210 355,210 374,204 382,201 453,199 463,200 482,204 483,204 505,199 519,196 553,196 572,197 572,197 580,195 593,192 703,187 727,189 745,190 746,190 746,190 754,188 765,184 781,187 799,189 800,189 822,185 828,184 837,184 875,186 876,186 975,181 992,177 993,175 991,148 924,151 923,151 891,148 890,148 829,155 812,156 806,156 786,152 785,152 785,152 773,157 769,158 764,157 731,152 690,152 690,152 676,152 676,152 651,161 616,155 615,155 586,160 556,159 555,159 555,159 531,165 513,161 512,161 512,161 479,161 405,170 391,166 390,166 390,166 345,168 313,175 283,171 283,171 256,175 224,173 223,173 223,173 200,180 181,186 94,189 70,185 49,182 48,182 21,187 23,217"/>
        <Baseline points="23,217 638,185 993,175"/>
        <TextEquiv>
          <Unicode>ad predictam grangiam suam de Lysyard scilicet ad ardendum edificandum et claudendum </Unicode>
        </TextEquiv>
      </TextLine>
      <TextLine id="line_5">
        <Coords points="370,199 370,199 356,204 352,206 348,205 341,203 340,203 339,203 339,203 329,206 320,208 300,207 280,206 279,206 279,206 272,208 266,210 229,210 231,238 231,243 290,243 291,243 306,240 318,237 327,239 331,240 331,240 332,240 333,240 337,239 346,235 400,234 418,235 445,238 445,238 446,238 455,234 460,232 505,232 530,232 530,231 531,231 533,230 539,228 544,230 550,231 551,231 551,231 573,229 582,232 583,232 583,232 725,223 735,227 736,227 737,227 737,227 746,222 758,224 759,224 774,220 775,220 777,220 860,222 860,222 888,216 912,219 912,219 972,212 972,207 970,183 935,184 932,184 921,181 921,181 920,181 909,184 904,187 858,188 855,187 845,182 845,182 829,182 828,182 797,188 767,184 766,184 691,187 690,187 676,192 667,188 667,188 666,188 644,189 643,189 627,195 625,195 556,192 556,192 530,198 520,200 488,200 450,199 450,199 437,201 428,203 422,202 403,198 402,198 402,198 388,203 371,199 370,199"/>
        <Baseline points="231,238 418,228 847,214 972,207"/>
        <TextEquiv>
          <Unicode>predictus Willelmus fecit vastum </Unicode>
        </TextEquiv>
      </TextLine>
      <TextLine id="line_6">
        <Coords points="32,278 32,281 74,282 74,282 85,280 93,278 121,279 156,280 156,280 157,280 165,278 175,275 191,277 208,279 209,279 210,279 215,276 216,276 218,276 226,279 227,279 227,279 274,275 276,275 278,275 298,277 299,277 317,274 335,270 442,267 480,269 507,271 508,271 524,268 548,264 602,266 631,267 631,267 743,263 751,262 781,256 804,260 805,260 806,260 806,260 808,260 832,254 848,259 849,259 849,259 850,259 868,252 886,252 919,257 919,257 959,256 959,245 956,216 900,223 880,219 877,219 876,219 876,219 873,219 856,225 834,221 827,220 826,220 766,222 751,224 718,230 695,226 683,224 683,224 654,228 623,231 615,229 607,227 606,227 606,227 605,227 597,230 585,234 527,236 513,233 505,232 505,232 495,234 481,237 471,235 464,233 464,233 463,233 446,236 437,237 433,236 418,233 418,233 369,234 368,234 358,238 326,236 325,236 325,236 310,241 304,243 243,245 229,244 202,242 202,242 175,246 149,242 149,242 148,242 130,248 127,248 119,248 77,246 76,246 31,251 32,278"/>
        <Baseline points="32,278 188,270 638,258 959,245"/>
        <TextEquiv>
          <Unicode>et vendicionem in predicto bosco quominus idem Abbas et antecessores sui habere potuerunt racionabilia estoveria sua in  </Unicode>
        </TextEquiv>
      </TextLine>
      <TextLine id="line_7">
        <Coords points="29,309 29,315 65,314 70,314 85,318 86,318 109,314 156,318 157,318 225,315 226,315 248,309 250,309 250,309 264,313 264,313 265,313 314,313 314,313 347,306 357,304 363,306 377,309 377,309 398,304 413,302 445,303 478,304 479,304 480,304 488,302 490,302 493,302 517,305 517,305 518,305 529,301 535,298 602,296 611,298 630,303 630,303 686,301 686,301 707,295 718,293 737,295 776,298 777,298 809,297 834,292 840,291 857,291 876,291 876,291 877,291 879,290 887,287 953,288 953,282 952,258 894,255 894,255 893,255 881,258 829,254 829,254 806,258 778,256 778,256 777,256 760,262 755,263 722,263 691,262 690,262 672,264 644,267 633,265 612,261 611,261 587,266 556,263 556,263 555,263 541,267 537,268 533,267 520,264 520,264 492,268 468,271 449,269 428,267 428,267 390,271 386,271 378,271 337,270 336,270 326,272 300,278 283,274 282,274 254,279 236,274 235,274 235,274 234,274 232,274 213,279 193,276 192,276 167,282 113,283 90,278 89,278 89,278 61,285 28,279 29,309"/>
        <Baseline points="29,309 175,311 462,295 953,282"/>
        <TextEquiv>
          <Unicode>bosco illo ita scilicet quod idem Willelmus dedit de eodem bosco tria milia quercuum et tria milia vendidit et  </Unicode>
        </TextEquiv>
      </TextLine>
      <TextLine id="line_8">
        <Coords points="36,349 36,357 72,355 80,356 112,360 113,360 142,354 148,353 176,353 200,353 200,352 200,352 203,351 209,349 250,349 258,349 282,354 282,354 326,346 344,343 405,341 414,343 440,347 441,347 474,346 475,346 492,341 541,344 541,344 542,344 559,337 560,336 604,334 615,334 665,339 666,339 701,335 804,335 804,334 841,327 895,331 896,331 965,320 966,312 964,286 934,284 933,284 933,284 921,288 904,293 880,294 860,290 850,289 850,289 849,289 844,291 832,295 812,293 812,293 773,298 753,295 733,292 732,292 696,293 668,298 648,302 628,300 602,298 602,298 601,298 589,302 582,304 573,303 556,299 555,299 482,304 440,303 439,303 438,303 421,309 417,310 414,309 408,307 407,307 406,307 406,307 396,310 388,312 382,311 359,306 358,306 260,316 246,317 243,317 221,312 220,312 220,312 208,315 198,313 197,313 197,313 196,313 185,318 104,319 35,325 36,349"/>
        <Baseline points="36,349 271,342 535,327 817,322 966,312"/>
        <TextEquiv>
          <Unicode>.ccc acras bosci illius assarartavit et in culturam redegit unde dicit quod deterioratus est et dampnum habet  </Unicode>
        </TextEquiv>
      </TextLine>
      <TextLine id="line_9">
        <Coords points="42,389 42,393 93,394 94,394 94,394 104,390 109,394 109,394 110,394 111,394 111,394 112,394 112,393 116,389 116,389 133,388 135,388 161,391 162,391 163,391 163,391 171,386 172,386 187,389 188,389 188,389 189,389 189,389 193,385 193,384 200,384 202,384 219,389 219,389 220,389 220,389 230,385 263,387 263,387 264,387 264,387 270,383 288,387 288,387 336,382 377,382 377,382 378,382 378,382 389,373 389,373 400,372 400,367 398,343 379,345 376,344 369,341 369,341 368,341 349,346 339,348 335,346 326,342 325,342 325,342 324,342 310,348 305,350 298,349 292,348 291,348 291,348 287,350 284,351 279,350 262,346 261,346 260,346 260,346 243,350 230,347 229,347 228,347 228,347 220,352 208,349 207,349 207,349 206,349 206,349 197,355 196,357 187,358 180,358 179,357 172,351 171,351 171,351 170,351 169,351 157,357 147,353 147,353 146,353 121,358 100,355 99,355 98,355 79,362 71,359 70,359 70,359 69,359 69,359 62,364 62,365 41,365 42,389"/>
        <Baseline points="42,389 251,379 400,367"/>
        <TextEquiv>
          <Unicode>et in futurum habebit ad valenciam xl marcarum. </Unicode>
        </TextEquiv>
      </TextLine>
      <TextLine id="line_10">
        <Coords points="38,426 38,430 131,429 133,429 164,423 207,426 207,426 208,426 224,422 242,424 242,424 272,420 298,424 298,425 336,425 352,425 352,424 354,424 386,417 452,416 496,421 499,421 499,421 500,421 500,421 524,414 557,416 557,416 621,412 653,415 654,415 672,413 683,416 683,416 684,416 765,414 766,414 792,407 981,409 981,399 979,370 957,373 937,371 916,369 916,369 864,370 843,373 838,374 829,374 754,370 754,370 753,370 737,376 733,377 727,377 694,371 694,371 645,373 603,379 585,374 584,374 584,374 524,375 483,381 452,377 452,377 417,384 381,382 381,382 359,386 353,387 333,387 301,386 301,386 267,389 254,390 250,389 221,385 220,385 185,389 163,387 162,387 136,393 134,393 37,395 38,426"/>
        <Baseline points="38,426 324,416 491,407 981,399"/>
        <TextEquiv>
          <Unicode>Et Willelmus venit et defendit vim et injuriam quando etc. et dicit quod non debet ad hoc breve respondere quia dicit quod istud  </Unicode>
        </TextEquiv>
      </TextLine>
      <TextLine id="line_11">
        <Coords points="44,460 44,468 68,468 69,468 69,468 82,463 95,466 96,466 133,465 151,465 151,465 152,465 176,458 202,462 203,462 203,462 215,457 278,456 299,460 306,461 307,461 359,459 370,457 401,451 538,448 557,451 569,453 569,453 583,450 597,447 624,448 624,448 646,445 672,447 696,449 696,449 697,449 705,446 709,445 717,445 739,448 739,448 814,445 833,441 846,439 864,440 892,442 892,442 893,442 905,439 913,437 960,437 960,431 959,408 932,404 932,404 931,404 917,408 889,403 889,403 849,412 842,412 775,416 753,415 720,413 719,413 698,417 697,417 696,417 663,410 663,410 640,415 629,412 628,412 628,412 551,414 520,421 505,416 504,416 504,416 503,416 486,421 439,417 438,417 377,425 346,422 345,422 292,430 286,431 279,431 254,429 238,424 237,424 236,424 212,424 188,429 156,427 156,427 155,427 133,435 121,433 120,433 120,433 108,437 42,438 44,460"/>
        <Baseline points="44,460 448,448 623,439 840,437 960,431"/>
        <TextEquiv>
          <Unicode>breve novum est et inauditum et contra racionem formatum. Dicit enim quod boscus ille est solum proprium ipsius Willelmi et dicit  </Unicode>
        </TextEquiv>
      </TextLine>
      <TextLine id="line_12">
        <Coords points="46,494 47,502 84,502 87,501 127,494 171,498 171,498 206,491 232,491 248,497 250,497 250,497 251,497 254,496 266,494 278,496 283,496 283,496 331,494 337,494 384,486 461,486 461,486 462,486 470,483 588,482 621,479 660,482 660,482 680,477 709,482 719,484 719,484 729,481 743,478 757,481 762,481 762,481 763,481 766,480 777,476 803,479 817,481 817,481 836,478 867,474 884,477 895,478 896,478 967,474 967,466 965,439 937,437 937,437 909,438 909,438 901,441 889,445 758,448 744,446 721,442 721,442 678,446 660,444 659,444 659,444 636,449 627,452 618,450 592,446 592,446 591,446 576,452 572,453 568,452 548,447 547,447 518,451 482,449 481,449 451,456 448,456 446,456 430,450 429,450 429,450 403,451 357,459 351,460 346,459 325,456 325,456 303,461 299,461 296,461 270,455 269,455 245,456 244,456 227,461 197,457 197,457 196,457 183,461 147,460 147,460 146,460 125,466 124,466 123,466 90,462 90,462 45,469 46,494"/>
        <Baseline points="46,494 414,480 967,466"/>
        <TextEquiv>
          <Unicode>quod predictus Abbas habet et habere potest racionabilia estoveria sua in predicto bosco ad predictam grangiam eo quod predictus  </Unicode>
        </TextEquiv>
      </TextLine>
      <TextLine id="line_13">
        <Coords points="46,531 47,536 60,533 90,535 113,536 114,536 274,532 289,528 310,523 342,527 355,528 355,528 367,525 392,521 412,524 434,528 434,528 457,523 482,517 523,520 524,520 550,516 621,517 628,517 629,517 634,517 659,514 680,516 698,517 699,517 717,515 740,511 754,513 771,516 771,516 772,516 780,512 785,510 791,512 817,518 818,518 864,509 877,508 893,509 910,510 911,510 971,506 971,501 969,480 934,477 933,477 917,481 896,475 895,475 894,475 861,482 861,482 860,482 832,480 832,480 831,480 820,484 819,484 802,477 801,477 801,477 772,483 755,477 755,477 754,477 723,481 647,480 646,480 608,488 539,487 527,483 527,483 526,483 342,488 342,488 313,496 258,493 257,493 222,499 141,500 125,496 125,496 124,496 124,496 109,502 45,503 46,531"/>
        <Baseline points="46,531 299,522 432,512 971,501"/>
        <TextEquiv>
          <Unicode>boscus durat per quinque leucas et in predicta grangia non est nisi unicum astrum vel duo ad plus et desicut modo  </Unicode>
        </TextEquiv>
      </TextLine>
      <TextLine id="line_14">
        <Coords points="48,563 48,569 69,565 92,568 105,570 106,570 124,567 129,567 132,567 147,569 148,569 286,565 302,561 313,559 325,560 348,563 349,563 408,561 409,561 424,557 426,557 433,557 466,558 467,558 468,558 478,555 486,553 503,555 520,556 521,556 536,553 550,551 556,553 560,554 560,554 561,554 575,552 587,551 592,552 607,556 608,556 608,556 636,550 644,548 710,547 717,547 741,551 741,551 787,545 791,545 793,545 826,549 827,549 854,545 868,547 869,547 869,547 880,542 881,541 940,540 940,535 938,515 871,507 870,507 852,508 852,508 829,517 829,518 820,518 813,518 791,510 790,510 790,510 735,511 734,511 704,521 667,513 667,513 571,516 571,516 563,519 529,517 528,517 508,520 496,518 496,518 495,518 478,525 444,528 408,520 408,520 407,520 378,531 335,531 317,525 316,525 294,524 293,524 227,535 227,535 226,535 101,533 100,533 100,533 88,538 46,540 48,563"/>
        <Baseline points="48,563 243,560 377,553 611,546 716,540 940,535"/>
        <TextEquiv>
          <Unicode>habet et habere potest in predicto bosco quicquid ei necesse fuerit ad husebote et heybote si debeat ei  </Unicode>
        </TextEquiv>
      </TextLine>
      <TextLine id="line_15">
        <Coords points="46,600 46,608 107,606 107,606 126,600 164,604 169,604 169,604 170,604 172,604 183,600 205,602 206,602 266,595 278,599 278,599 292,599 335,599 336,599 358,596 394,592 413,595 424,596 425,596 436,593 454,589 519,587 557,586 567,588 580,591 580,591 596,588 605,590 606,590 606,590 607,590 619,587 628,584 640,585 662,589 663,589 686,584 691,583 698,583 709,584 709,584 723,582 738,580 747,581 767,584 768,584 769,584 779,580 792,584 793,584 793,584 846,583 885,576 888,575 943,573 943,569 941,546 908,540 907,540 871,542 870,542 850,549 849,549 801,550 801,550 770,544 769,544 698,547 698,547 678,553 643,548 643,548 592,553 571,552 571,552 570,552 562,556 535,552 535,552 479,553 441,559 432,556 432,556 431,556 404,563 402,563 402,563 377,557 377,557 376,557 351,564 350,564 348,564 315,559 315,559 280,567 278,567 261,567 156,568 155,568 149,571 148,571 148,571 136,566 135,566 135,566 134,566 123,571 103,569 102,569 101,569 93,572 93,572 92,572 83,570 82,570 82,570 45,573 46,600"/>
        <Baseline points="46,600 375,589 434,585 602,579 820,576 943,569"/>
        <TextEquiv>
          <Unicode>respondere de tempore futuro et si aliquo modo [Abbas possit vel debeat ipsum impedire vel defendere quin possit capere</Unicode>
        </TextEquiv>
      </TextLine>
      <TextLine id="line_16">
        <Coords points="44,636 44,646 114,638 174,637 186,640 188,641 189,641 189,641 195,640 223,634 246,638 252,639 252,639 262,637 278,635 321,635 365,635 366,635 378,632 400,628 460,629 478,629 479,629 493,627 527,623 557,625 577,626 577,626 615,622 657,619 677,620 720,622 721,622 783,619 784,619 792,615 811,619 812,619 864,617 924,609 925,603 923,579 894,573 894,573 893,573 873,580 842,577 842,577 841,577 829,582 829,583 793,584 791,584 765,578 765,578 672,581 672,581 659,587 633,583 632,583 632,583 602,591 600,591 597,591 556,585 555,585 512,591 440,589 439,589 438,589 419,597 418,597 418,597 394,592 393,592 351,599 350,599 333,595 332,595 331,595 319,600 298,596 298,596 230,602 199,598 198,598 167,604 155,602 154,602 153,602 142,607 142,607 43,610 44,636"/>
        <Baseline points="44,636 314,624 467,622 587,613 925,603"/>
        <TextEquiv>
          <Unicode>estoveria sua in predicto bosco suo proprio pro voluntate sua et inde dare vel vendere salvis tamen predicto Abbati  </Unicode>
        </TextEquiv>
      </TextLine>
      <TextLine id="line_17">
        <Coords points="43,670 43,682 61,682 61,681 62,681 64,680 73,676 101,679 113,679 113,679 114,679 115,679 115,679 116,678 121,672 137,672 149,676 155,678 155,678 156,678 156,678 157,678 157,678 157,678 159,676 159,675 165,675 188,677 189,677 189,677 190,677 193,674 197,671 207,674 216,676 216,676 217,676 235,672 243,671 244,672 250,675 250,675 251,675 251,675 252,675 252,675 257,671 258,671 258,671 266,675 267,675 267,675 268,675 268,675 274,670 275,670 278,670 301,672 302,672 302,672 311,669 314,667 324,668 340,670 341,670 341,670 348,667 351,666 384,665 384,660 382,631 364,631 363,631 363,631 361,632 339,643 329,643 315,634 315,634 314,634 314,634 313,634 304,634 303,634 303,634 303,635 296,641 292,639 291,639 291,639 290,639 290,639 280,643 267,638 266,638 266,638 265,638 244,646 214,646 204,639 203,638 203,638 202,638 202,638 201,638 200,638 199,639 187,647 164,647 154,642 151,639 151,639 150,639 149,639 149,639 148,639 145,642 144,642 143,642 139,640 139,640 138,640 137,640 137,640 137,641 135,642 132,644 130,643 126,639 125,639 125,639 124,639 89,640 88,640 79,645 74,647 69,645 66,644 66,644 65,644 65,644 60,646 53,648 42,647 43,670"/>
        <Baseline points="43,670 384,660"/>
        <TextEquiv>
          <Unicode>racionabilibus estoveriis suis in bosco illo </Unicode>
        </TextEquiv>
      </TextLine>
      <TextLine id="line_18">
        <Coords points="42,705 42,710 64,711 64,711 65,711 69,710 80,706 116,706 121,707 125,708 125,708 126,708 127,708 132,707 137,706 149,706 176,708 176,708 240,703 311,703 312,703 339,699 358,695 373,697 391,700 391,700 409,696 419,694 440,694 444,695 456,698 456,698 457,698 502,697 532,691 548,694 549,694 549,694 563,690 572,686 642,684 650,686 660,689 660,689 661,689 662,689 670,686 676,683 707,682 726,682 731,683 750,688 751,688 751,688 791,687 837,679 845,677 890,676 892,676 901,679 902,679 903,679 903,679 912,676 913,675 977,673 977,668 974,637 909,639 908,639 906,640 889,644 864,642 856,641 855,641 854,641 850,642 814,653 775,653 754,647 749,645 748,645 747,645 736,647 708,654 686,650 672,647 671,647 611,649 567,655 529,660 515,657 497,654 497,654 496,654 478,659 473,660 470,659 452,655 451,655 424,655 389,663 370,667 346,665 339,664 338,664 331,666 304,670 265,668 260,668 259,668 239,670 168,674 158,673 135,670 134,670 133,670 115,675 111,676 104,675 73,673 72,673 41,678 42,705"/>
        <Baseline points="42,705 284,699 445,684 584,679 977,668"/>
        <TextEquiv>
          <Unicode>Et predictus Abbas bene cognoscit quod predictus boscus est boscus proprius ipsius Willelmi et quod in eo capere potest et debet racionabilia  </Unicode>
        </TextEquiv>
      </TextLine>
      <TextLine id="line_19">
        <Coords points="976,669 973,669 915,677 894,672 892,672 892,672 853,674 853,674 850,675 829,683 808,685 759,686 722,682 710,680 710,680 695,683 670,688 643,686 622,684 621,684 569,687 568,687 558,690 555,691 550,691 532,688 532,688 531,688 515,692 492,699 466,695 444,692 443,692 421,694 420,694 404,699 389,704 340,706 301,707 283,705 258,702 258,702 228,703 228,703 214,708 208,711 151,714 139,712 132,712 132,712 131,712 127,713 123,715 115,714 82,709 81,709 39,718 40,741 40,750 92,743 109,746 110,746 130,742 192,743 204,743 205,743 221,742 263,737 280,738 288,739 289,739 290,739 294,738 310,733 325,736 331,737 332,737 375,735 375,735 381,733 397,729 448,730 449,730 449,730 450,730 465,726 477,729 481,729 481,729 493,727 524,723 676,717 694,718 738,719 738,719 776,714 824,715 824,715 857,709 866,708 870,708 890,712 890,712 929,710 979,703 979,699 977,668 975,668 976,669"/>
        <Baseline points="40,741 979,699"/>
        <TextEquiv>
          <Unicode>estoveria sua sine vasto ut in bosco suo proprio salvis tamen eidem Abbati et successoribus suis racionabilibus estoveriis  </Unicode>
        </TextEquiv>
      </TextLine>
      <TextLine id="line_20">
        <Coords points="42,775 42,783 61,778 167,778 196,777 236,775 311,770 341,770 365,770 366,770 366,770 371,769 378,767 421,767 465,767 465,766 484,764 523,759 555,761 572,762 573,762 587,759 608,755 671,753 683,755 690,756 690,756 691,756 695,755 706,751 762,749 782,751 797,752 797,752 813,750 833,746 845,748 859,750 860,750 908,748 909,748 920,745 927,743 972,743 973,737 971,707 931,706 931,706 930,706 918,710 900,715 877,712 863,710 862,710 718,715 679,720 635,718 634,718 603,724 597,725 592,724 564,721 563,721 524,727 503,730 492,729 481,727 481,727 480,727 472,730 461,733 445,731 438,730 437,730 437,730 432,731 421,735 390,736 377,734 371,733 370,733 370,733 365,734 357,738 294,740 271,738 233,735 232,735 204,741 191,744 181,742 176,741 175,741 167,743 152,746 132,744 120,743 119,743 119,743 113,745 105,748 40,748 42,775"/>
        <Baseline points="42,775 109,775 264,766 426,762 599,750 973,737"/>
        <TextEquiv>
          <Unicode>suis in eodem bosco ad predictam grangiam suam. Dicit enim quod predicta ecclesia sua de Lilleshill a principio fun </Unicode>
        </TextEquiv>
      </TextLine>
      <TextLine id="line_21">
        <Coords points="44,809 44,813 109,814 109,814 110,814 127,810 128,810 128,810 164,813 165,813 256,808 279,803 286,802 298,803 338,805 339,805 378,799 393,798 408,798 444,801 445,801 473,796 486,794 504,795 539,797 539,797 589,794 589,794 600,791 603,790 605,791 619,793 620,793 698,789 713,786 729,783 746,785 750,785 750,785 766,784 848,778 883,779 899,780 899,780 911,778 931,775 939,777 943,778 944,778 944,778 966,776 966,773 963,746 937,747 937,747 916,742 916,742 915,742 915,742 901,747 892,745 891,745 890,745 870,749 868,750 865,750 833,745 832,745 782,753 777,753 774,753 739,749 738,749 698,751 698,751 678,757 671,758 640,758 622,758 622,758 621,758 618,759 611,761 606,759 598,757 597,757 597,757 551,761 510,765 495,763 476,761 476,761 459,765 444,768 410,766 378,765 377,765 377,765 365,768 350,772 310,770 284,769 283,769 256,772 222,777 123,777 102,777 98,778 79,782 42,780 44,809"/>
        <Baseline points="44,809 445,791 628,786 872,774 966,773"/>
        <TextEquiv>
          <Unicode>dacionis sue dotata fuit de predictis estoveriis capiendis in predicto bosco perpetualiter. Et dicit quod predictus Willelmus non  </Unicode>
        </TextEquiv>
      </TextLine>
      <TextLine id="line_22">
        <Coords points="604,787 581,791 557,795 536,793 521,792 520,792 496,795 477,797 473,796 468,794 467,794 466,794 466,794 458,797 445,801 437,798 433,796 432,796 400,794 400,794 365,801 337,800 337,800 336,800 327,802 317,806 299,806 294,804 288,802 287,802 287,802 268,805 262,806 258,806 244,803 243,803 243,803 229,807 223,809 108,813 107,813 90,809 90,809 89,809 73,814 73,814 48,815 49,837 49,845 113,837 127,841 128,841 128,841 145,838 181,840 189,840 189,840 190,840 192,840 203,835 217,838 221,839 222,839 253,837 322,832 333,833 339,834 340,834 349,833 370,828 380,832 381,832 382,832 382,832 383,832 385,831 400,826 414,830 422,832 422,832 448,828 464,826 470,828 478,829 479,829 528,828 547,824 564,821 581,822 606,825 607,825 670,823 699,817 709,815 925,807 925,802 922,776 750,782 749,782 741,784 717,791 674,787 674,787 656,791 644,789 644,789 643,789 628,791 620,789 607,787 604,787"/>
        <Baseline points="49,837 469,823 526,818 656,818 812,806 925,802"/>
        <TextEquiv>
          <Unicode>racionabiliter capit estoveria sua in bosco illo. Immo dicit quod ipse Willelmus vendidit et dedit de bosco illo ad  </Unicode>
        </TextEquiv>
      </TextLine>
      <TextLine id="line_23">
        <Coords points="460,824 460,824 446,829 442,831 432,830 405,826 404,826 356,831 270,831 270,831 269,831 250,837 240,834 239,834 239,834 201,840 196,841 193,841 159,836 159,836 158,836 140,843 139,843 137,843 116,838 116,838 115,838 101,845 53,846 54,868 54,876 69,878 69,878 70,878 78,876 102,868 111,870 111,870 112,870 148,866 184,870 185,870 185,870 215,863 236,865 236,865 257,862 270,865 270,865 271,865 315,859 360,862 361,862 361,862 382,857 442,857 442,857 518,851 619,852 622,853 630,856 631,856 631,856 876,846 912,840 912,838 909,809 886,813 870,810 857,808 856,808 833,811 818,809 818,809 796,813 774,818 756,815 753,815 752,815 748,815 731,820 672,822 628,821 559,819 559,819 518,826 499,829 488,828 461,824 460,824"/>
        <Baseline points="54,868 408,851 540,848 677,849 912,838"/>
        <TextEquiv>
          <Unicode>maximam destruccionem bosci illius ita quod extirpavit quondam. et magnam partem bosci illius que est</Unicode>
        </TextEquiv>
      </TextLine>
      <TextLine id="line_24">
        <Coords points="741,846 741,846 726,851 709,857 689,857 666,853 658,852 657,852 656,852 651,853 636,857 624,854 606,849 606,849 605,849 572,850 571,850 549,856 548,857 542,857 504,857 491,852 490,852 456,852 456,852 455,852 441,858 427,853 426,853 426,853 392,857 374,854 374,854 373,854 362,858 351,854 350,854 350,854 315,862 296,858 296,858 295,858 273,864 266,866 259,865 228,860 226,860 220,860 215,860 190,867 186,868 183,867 164,863 163,863 137,868 134,869 54,870 56,895 56,901 94,898 153,900 159,900 160,900 161,900 182,896 202,898 204,898 204,898 312,896 313,896 314,896 330,889 347,888 417,889 418,889 484,885 496,888 496,888 497,888 497,888 507,885 531,889 531,889 532,889 551,884 587,883 607,887 607,887 627,884 651,888 663,889 664,889 679,886 703,883 728,885 735,886 735,886 736,886 739,885 747,882 758,885 768,886 769,886 787,884 819,880 842,882 844,882 844,882 845,882 877,877 949,880 950,873 949,845 939,842 938,842 937,842 937,842 925,845 902,852 873,846 856,844 856,844 834,846 799,845 798,845 798,845 785,849 775,853 762,850 745,846 741,846"/>
        <Baseline points="56,895 120,894 223,888 474,878 750,878 950,873"/>
        <TextEquiv>
          <Unicode>propinquior predicte grangie ipsius Abbatis ubi comodius capere solebat predicta estoveria sua nichil in parte illa  </Unicode>
        </TextEquiv>
      </TextLine>
      <TextLine id="line_25">
        <Coords points="61,929 61,937 125,936 126,936 128,936 142,931 165,935 171,935 172,935 293,932 303,931 323,926 338,929 348,931 349,931 371,931 371,931 381,928 395,924 404,927 405,927 405,927 424,923 448,926 469,928 470,928 470,928 483,925 495,921 545,921 552,922 564,926 565,926 565,926 596,925 596,925 608,921 615,918 723,916 731,917 752,920 753,920 753,920 767,916 771,914 817,914 818,914 825,917 826,917 826,917 853,913 858,913 861,913 885,917 886,917 886,917 896,914 920,917 920,917 956,910 957,909 955,880 921,881 917,880 908,878 908,878 907,878 907,878 899,881 891,884 882,881 877,880 877,880 876,880 876,880 869,882 860,884 852,882 834,878 834,878 761,880 760,880 746,885 734,890 715,886 707,885 707,885 699,887 682,891 657,888 616,884 616,884 615,884 598,890 589,893 565,892 563,891 547,885 546,885 545,885 529,889 398,889 398,889 397,889 386,893 350,893 350,893 349,893 331,898 325,900 317,898 296,895 296,895 295,895 281,899 255,894 254,894 254,894 231,901 227,902 192,902 189,902 174,899 173,899 156,902 140,899 139,899 139,899 125,904 124,905 60,906 61,929"/>
        <Baseline points="61,929 348,921 551,912 758,912 876,908 957,909"/>
        <TextEquiv>
          <Unicode>relinquendo. Et si tale vastum posset facere in predicto bosco particulatim et successive de anno in annum  </Unicode>
        </TextEquiv>
      </TextLine>
      <TextLine id="line_26">
        <Coords points="63,967 63,976 140,977 140,977 166,973 188,969 226,971 257,972 258,972 258,972 266,969 276,965 319,963 345,963 360,967 365,968 366,968 366,968 367,968 374,966 394,961 469,962 470,962 503,958 527,961 561,965 561,965 631,957 653,955 658,956 676,961 676,961 677,961 721,960 747,956 776,958 777,958 777,958 802,952 810,949 822,951 834,952 835,952 845,950 858,947 868,949 895,955 896,955 941,947 941,940 939,911 894,918 873,913 865,912 864,912 864,912 854,914 841,917 830,915 830,915 829,915 829,915 814,921 778,917 761,915 760,915 747,918 724,924 682,925 664,921 644,917 643,917 643,917 628,922 626,924 597,927 587,924 584,923 584,923 583,923 583,923 579,924 564,928 551,925 528,920 527,920 487,926 479,924 478,924 478,924 477,924 465,928 448,923 448,923 447,923 374,925 373,925 361,929 335,926 334,926 334,926 315,931 295,927 295,927 227,934 218,932 217,932 216,932 194,939 191,939 184,939 128,935 128,935 127,935 106,942 62,943 63,967"/>
        <Baseline points="63,967 166,965 392,952 675,949 941,940"/>
        <TextEquiv>
          <Unicode>absque aliquo remedio quod habere inde posset sic infra paucos annos destrueretur predictus boscus per quod </Unicode>
        </TextEquiv>
      </TextLine>
      <TextLine id="line_27">
        <Coords points="62,1007 62,1021 84,1020 85,1020 112,1009 169,1015 170,1015 171,1015 185,1009 191,1012 191,1012 192,1012 192,1012 193,1012 201,1007 206,1009 207,1009 207,1009 246,1003 260,1006 261,1006 262,1006 277,1005 278,1005 278,1005 283,1001 291,1006 292,1006 292,1006 293,1006 294,1006 299,1001 321,999 392,1000 393,1000 393,1000 416,995 435,995 441,998 450,1003 450,1003 451,1003 465,1003 465,1003 493,995 511,1000 512,1000 512,1000 571,997 572,997 605,988 605,983 603,961 557,963 555,963 548,960 548,960 547,960 547,960 541,963 540,964 538,963 525,957 525,957 524,957 524,957 523,957 513,964 511,965 472,967 464,965 447,960 446,960 446,960 418,966 406,961 405,961 405,961 375,962 374,962 349,968 326,975 309,975 292,970 278,967 278,967 277,967 267,967 267,967 266,967 261,971 256,974 250,971 247,970 247,970 223,969 223,969 222,969 217,972 207,977 189,973 183,971 182,971 181,971 181,971 180,971 177,973 164,982 146,982 136,978 135,978 135,978 134,978 117,984 96,978 96,978 61,977 62,1007"/>
        <Baseline points="62,1007 373,988 605,983"/>
        <TextEquiv>
          <Unicode>predicta estoveria sua sibi et successoribus suis penitus deperirent. </Unicode>
        </TextEquiv>
      </TextLine>
      <TextLine id="textblock_1_l29">
        <Coords points="120.343,107.361 165.343,103.361 167.552,128.213 122.552,132.213"/>
        <Baseline points="122,126 167,122"/>
        <TextEquiv>
          <Unicode>debet </Unicode>
        </TextEquiv>
      </TextLine>
    </TextRegion>
  </Page>
</PcGts>
