995 606
8 1 963 62 ¶ Ricardus de Harelegh attachiatus fuit ad respondendum Ricardo filio Roberti de Clyfton de placito quare ipse simul cum aliis venerunt ad boscum
18 38 958 93 ipsius Ricardi filii Robertil in Beldeswyrth et homines suos in codem bosco inventos verberaverunt et maletractaverunt et maere
19 81 543 124 mium prefati Ricardi ab eis abstulit et asportavit contra pacem etc.
21 102 957 156 Et Ricardus de Harelegh venit et defendit vim et injuriam quando etc. Et bene dicit quod predictus boscus in quo predicta transgressio fieri
23 141 954 190 debuit est boscu s ipsius Ricardi de Harlegh . et bene dicit quod venit ibi et invenit ibi quasdam arbores prostratas et
25 171 568 218 illas cariare et asportare fecit sicut ei bene licuit de bosco suo proprio.
27 204 866 251 Et Ricardus filius Roberti dicit quod predictus boscus est boscus suus pro prius . et non boscus predicti Ricardi de Harlegh.
26 235 976 283 Postea veniunt et de consensu parcium petunt quod fiat perambulacio inter boscum predicti Ricardi filii Roberti et boscum et boscum
26 272 966 312 predicti Ricardi de Harlegh. Et Ricardus de Harlegh offert domino regi xx solidos per sic quod predicta perambulacio fiat. Et recipitur. Ideo
27 304 971 348 preceptum est vicecomiti. quod assumptis secum xii legalibus militibus de visneto de Harle et de Clifton in propria persona ac
28 332 990 372 cedat ad predictum boscum de Beldeswyrth. et per corum sacramentum fieri faciat perambulacionem inter boscum predicti Ricardi de Clifton in Clif
27 364 966 402 ton et boscum predicti Ricardi de Harelegh in Harelegh. ita quod perambulacio illa fiat per certas metas et divisas. Et per
29 397 973 435 ambulacionem illam scire faciat hic die sabbati proxima post festum Purificacionis Beate Marie per quatuor milites etc. Postea ad diem
29 430 976 468 illum veniunt Odo de Hodenet. Stephanus de Buterlegh. Petrus de Muneton. et Willelmus de Leychton quauor milites qui inter
26 459 989 498 fuerunt predicto perambulacioni qui dicunt. quod perambulacio illa incipit versus austrum. a terra Prioris in Wenlok inter boscum
28 491 967 531 et campum per veterem sepem usque ad magnum alnum. ita quod Ricardus faciat sepem si voluerit ab alno per partem
31 523 984 575 illius bosci usque ad viridem quercum. et deinde procedit per medium mariscum et boscum usque ad albam quercum. et sic usque
30 563 311 601 ad aliam quercum albam in campo.
