1012 858
13 13 981 71 ¶ Walterus Nictegale qui tulit breve assise mortis antecessoris versus Willelmum Nicthegale de tribus acris terre et dimidia et dimidia acre
15 53 983 115 bosci cum pertinenciis in Kainham non est prosecutus. Ideo ipse et plegii sui de prosequendo in misericordia scilicet Osbertus de Cornwode et Osbertus de Roehull etc.
4 109 957 163 ¶ Assisa venit recognitura si Walterus Haket Iniuste etc. disseisivit Iohannem de Brondon de comuna pasture sue In
12 148 983 201 Egarton que pertinet ad liberum tenementum suum in Brondon. Et unde queritur quod disseisivit eum de communa pasture sue in
12 187 985 242 quadam bruera que continet triginta et sex acras in qua solebat communicare cum omnimodis averiis suis
11 224 843 285 per totum annum quousque predictus Walterus predictam brueram assartavit et in culturam redegit.
10 263 961 326 Et predictus Walterus venit et dicit quod predictus Iohannes injuste tulit assisam istam quia dicit quod predictus Iohannes
11 302 974 368 est liber tenens suus in predicto manerio in Brendon de quo ipse Walterus est capitalis dominus. et
13 346 967 406 dicit quod ipse per constitucionem de Merton appropriavit predictam brueram de vasto suo in predicto manerio suo
18 392 970 449 salve eidem Johanni sufficienti pastura ad predictum tenementum ipsius Johannis in eadem villa et libero ingressu et regressu ad
11 438 992 484 eandem et quod idem Johannes preter assartum illud de quo queritur habeat sufficientem pasturam ad tenementum suum in predicta villa
18 475 1007 523 ponit se super assisam. Preterea dicit quod nullam disseisinam ei inde fecit quia dicit quod si aliqua disseisina inde facta fuit
14 515 994 566 facta fuit per quandam Margeriam matrem suam cujus heres ipse est antequam ipse predictum manerium de Brendon tenuit
16 559 449 609 et non per ipsum Walterum. Et de hoc ponit se super assisam.
14 596 992 647 Iuratores dicunt quod predictus Walterus non disseisivit predictum Iohannem de predicta communa quia dicunt quod predicta Margeria mater
23 635 967 683 predicti Walteri dum tenuit predictum manerium de Brendon assartavit predictam brueram et in culturam redegit.
17 671 972 724 Dicunt eciam quod predictus Walterus est capitalis dominus predicti manerii de Brendon et predictus Iohannes liber tenens suus
23 705 973 764 de eodem manerio et quod predictus Iohannes preter assartum illud habet sufficientem pasturam ad tenementum suum in predicta villa et
20 744 958 811 liberum ingressum et regressum ad eandem. Et ideo consideratum est quod predictus Walterus Inde quietus Et quod predictus Johannes nichil
23 796 492 856 capiat per assisam istam Et sit in misericordia pro falso clamore etc.
