974 785
8 2 962 77 ¶ Margareta que fuit uxor Rogeri de Aston petit versus Jorvordum de Cotes terciam partem dimidie virgate et quatuor acrarum terre
23 44 959 98 cum pertinenciis in Aston. Et versus Rogerum filium Ricardi terciam partem quatuordecim acrarum terre et duarum acrarum prati cum pertinenciis in eadem
22 76 936 128 villa. Et versus Stephanum de Aston terciam partem sex acrarum terre cum pertinenciis in eadem villa. Et versus Ricardum Pas terciam partem
27 110 950 161 xiii. acrarum. terre et trium acrarum prati cum pertinenciis in eadem villa. Et versus Willelmum Page et Amiciam uxorem terciam partem dimidie virgate
20 141 952 192 terre cum pertinenciis in eadem villa. Et versus Johannem de Arundel terciam partem duarum acrarum prati cum pertinenciis in eadem villa. Et
20 175 960 219 versus Ricardum de Hybernia terciam partem unius virgate terre cum pertinenciis exceptis sex acris cum pertinenciis in Bromlawe. Et versus
16 205 963 252 Willelmum filium Hugonis Heylin de Bromlawe et Sibillam uxorem ejus terciam partem unius neke et unius acre terre cum pertinenciis in eadem
16 234 948 283 villa. Et versus Rogerum filium Henrici terciam partem dimidie virgate terre et duarum acrarum terre et unius acre prati cum pertinenciis in eadem villa.
15 269 957 316 Et versus Symonem Deuheuwye terciam partem quatuor acrarum terre cum pertinenciis in eadem villa. Et versus Robertum de Hope terciam partem
17 299 682 344 quinque solidorum et quatuor denariorum redditus cum pertinenciis in Whytespon et Locley ut dotem suam etc.
17 335 946 395 Et Yorvordus et omnes alii veniunt. Et omnes preter predictum Ricardum Pag vocant ad warantum Johannem filium Petri nepotem. et heredem predicti
20 366 964 430 Rogeri de Aston quondam viri ipsius Margarete. qui est infra etatem. et in custodia Thome Corbet per cartas predicti Rogeri
25 393 951 464 quas proferunt de feoffamento predictarum terrarum et tenementorum. Ideo custos summoneatur quod sit hic in crastino Purificacionis Beate Marie et tunc
289 425 402 449 Postea ad diem illum
23 425 332 461 habeant predictum Johannem ad warantum etc. O----
549 464 592 489 Margareta
22 453 943 524 Et predictus Ricardus Willelmus Pag dicit quod de terra versus eum petita non debet ipsa dotem habere. quia dicit quod predictus Rogerus quondam vir
26 484 944 554 ipsius Margarete die quo ipsam desponsavit. nec unquam postea tenuit predictam terram in feodo. ita quod ipsam inde do
25 517 943 583 tare potuit. Dicit enim quod idem Rogerus per longum tempus ante mortem suam feoffavit quendam Willelmum le Sermoner
27 548 944 615 de ea terra qui inde obiit seisitus. Et post mortem ipsius Willelmi seisivit predictus Rogerus predictam terram in manu sua racione custodie.
29 580 928 648 et quod nunquam aliquid habuit in predicta terra nisi racione custodie cum herede predicti Willelmi. ponit se super patriam et Margareta
30 614 241 651 similiter. Ideo fiat inde jurata.
30 645 894 704 Juratores dicunt quod predictus Rogerus quondam vir ipsius Margarete non tenuit predictam terram in feodo die quo eam desponsavit
31 677 847 727 nec unquam postea quia dicunt quod per dimidium annum ante mortem suam dedit idem Rogerus predictam terram predicto Willelmo le Sermoner et
30 703 887 763 ipsum inde in plenaria seisina posuit. Et ideo consideratum est quod predictus Willelmus Page inde sine die. Et predicta Margareta nichil capiat per
27 737 318 775 breve istud. et sit in misericordia pro falso clamore.
