940 1022
13 26 932 83 ¶ Hugo de Dodemanston petit versus Thomam de Shyreford unam carucatam terre cum pertinenciis exceptis tribus acris terre in la Legh
18 69 901 117 ut jus suum etc. Et Thomas venit. Et concordati sunt et Hugo dat xx. solidos pro licencia concordandi per plegium ipsius Magistri
19 100 219 147 Thome. Habeant cyrographum etc.
17 154 913 215 ¶ Thomas Constantin et Walterus de Hopton petunt versus Decanum et Capitulum Sancte Marie Salop sex virgatas terre cum
27 191 917 241 pertinenciis in Sutton de quibus Robertus de Gyros avunculus predicte Thome et consanguineus ipsius Walteri cujus heredes
28 226 924 277 ipses sunt fuit seisitus in dominico suo ut de feodo die quo obiit etc. Et unde dicunt quod predictus Robertus de Gyros antecessor
30 256 914 310 ipsorum fuit seisitus in dominico suo. et obiit inde seisitus ut de feodo. Et de ipso Roberto quia obit sine herede de se descendit feodum predicte
30 290 932 340 terre quibusdam Isabelle et Johanne ut sororibus et heredibus suis. Et de ipsa Isabella. descendit feodum propartis sue predicto Thome qui nunc petit
29 317 913 371 ut filio et heredi. Et de ipsa Johanna descendit feodum proprietatis sue cuidam Waltero ut filio et heredi. Et de ipso Waltero
28 355 385 399 isti Waltero qui nunc petit ut filio et heredi etc.
26 380 906 430 Et decanus et capitulum per attornatum suum veniunt. et dicunt quod non possunt inde sine domino rege respondere quia dicunt quod
31 419 916 470 predicta ecclesia sua Sancte Marie de Salop est capella ipsius domini regis et quod ipse confert omnes prebendas ad eandem
34 461 137 498 spectantes.
35 474 907 532 Et Thomas et Walterus dicunt quod loquela in nullo tangit dominum Regem nec dominus   Rex nec aliquis antecessorum suorum unquam
35 507 920 552 habuerunt aliquid in predicta terra nec illam unquam contulerunt predicte ecclesie. Immo predicta terra est jus et hereditas ipsorum ut illa
42 539 918 585 de qua predictus Robertus de Gyros antecessor ipsorum obiit seisitus ut de feodo jam quinque annis elapsis. Et decanus et capitulum
46 567 920 616 per attornatum suum dicunt quod nolunt nec possunt sine domino Rege inde respondere. Et quesiti si habeant aliquam cartam de feof
47 594 925 652 famento de domino rege vel antecessoribus suis de predicta terra dicunt quod nolunt aliquam cartam ostendere nec habent necesse. Et quesiti
48 634 396 676 si aliud velint dicere. dicunt quod ad presens non.
49 648 916 707 Et predicti Thomas et Walterus precise petunt judicium desicut predicti Decanus et capitulum presentes sunt in curia per attornatum
52 681 911 733 suum et nichil ostendunt de domino Rege vel antecessoribus suis neque cartam neque instrumentum neque aliquo modo possunt
55 711 937 759 ostendere. quod dominus Rex vel aliquis antecessorum suorum aliquo tempore conferret predictam terram predicte ecclesie neque aliquo alio mo
57 735 893 789 do volunt defendere jus ipsorum nec seisinam predicti Roberti de Gyros antecessoris sui. qui obiit seisitus de predicta terra ut de feodo
57 772 916 821 quinque annis ad plus elapsis. Et quia predicti Decanus et capitulum nichil ostendunt de domino Rege neque cartam neque muni
60 797 915 848 mentum neque aliquid aliud nisi tantum quod dicunt quod dominus Rex confert Decanatum predicte ecclesie. Et quia predicti Thomas et Walterus
61 830 918 886 parati sunt verificare seisinam predicti Roberti de Gyros antecessoris ipsorum et quod idem Robertus obiit inde seisitus ut
63 858 913 915 de feodo. Et quod ipsi propinquiores heredes ipsius sunt. nec predicti Decanus et capitulum aliquo alio modo volunt
67 884 917 946 defendere se versus eos. consideratum est quod idem Decanus et capitulum remaneant indefensi et quod predicti Thomas et Walterus
68 927 464 979 recuperent inde seisinam suam. Et Decanus et capitulum in misericordia.
69 973 398 1021 ¶ Reginaldus Porchet in misericordia pro contempt curie.
