985 840
26 0 980 50 ¶ Assisa venit recognitura si Willelmus de Gardinis Injuste etc. disseisivit Abbatem Salopem de libero tenemento suo In Rocle post primam
41 42 495 84 etc. Et unde queritur quod disseisivit eum de quinquaginta acris terre.
32 79 966 121 Et Willelmus non venit et fuit attachiatus per Ricardum de Kidlegh et Willelmum de Longelegh. Ideo omnes in misericordia. et capiatur assisa
41 116 975 154 uersus eum per defaltam. Et Willelmus filius Mauricii de Pulilegh vnus recognitur non venit. Ideo in misericordia. Postea venit Sibilla uxor
33 147 981 192 predicti Willelmi. et respondet pro eo tamquam balliua sua. Et dicit quod predictus Willelmus vir suus non disseisivit predictum Abbatem de predicto tenemento
28 183 984 226 Quia dicit quod quidam Willelmus Brunel tenuit aliquo tempore predictam terram de domino regis in capite. Et dicit quod idem Willelmus
27 211 983 258 fecit quandam feloniam pro qua vtlagatus fuit. Ita quod per feloniam illam reuertebatur terra illa ad ipsum dominum Regem tanquam
28 250 957 293 escaetta sua. Et idem dominus Rex postea feoffauit inde predictum Willelmum virum suum per cartam suam quam profert
795 273 983 298 in Langel Roclegh et Hothal
24 291 979 325 que testatur quod idem dominus Rex. dedit et concessit eidem Willelmo omnes terras et tenementa que fuerunt predicti Willelmo Burnel
56 325 88 343 quidam
24 319 980 361 que tenuit de domino. rege. in capite. et que deuenerunt In manum ejusde domini. regis. tanquam estcaetta sua ratione predicte felonie.
26 356 541 401 Et quod nullam aliam disseisinam ei inde fecerat, ponit se super assisam.
23 392 974 432 Et Abbas bene cognoscit quod predictus Willelmus Burnel qui fecerat predictam feloniam tenuit quasdam terras et tenementa de
22 427 977 469 domino rege per seriantiam. Set bene dicit quod non tenuit predictam terram de qua idem Abbas modo queritur de ipso domino rege lmmo de
23 458 980 500 ipso Abbate. Et dicit quod postquam predictus Willelmus Burnel fecerat predictam feloniam seisivit dominus Rex in manum suam tam terram
20 491 965 532 illam quo fuit de feodo suo racione eschaette. quam predictam terram de qua modo queritur racione anni et vasti que dominus Rex
21 518 984 573 habet communiter per totam Anglie de terris omnium felonum de cuiuscumque feodo terre ille sint. Et dicit quod elapso Anno et die, post pre
21 551 973 601 dictam feloniam, adiit idem Abbas curiam domini Regis et peciit predictam terram sibi restitui tanquam eschaettam suam. ea racione. quod
20 582 974 629 predictus Willelmus Burnel terram illam de eo tenuit. eo quod habuit Inde breve directum vicecomiti de inquisicione sicut moris est In curia
19 614 984 661 domini regis. Et postquam constitit domino regi per predictam inquisitionemm quod predicta terra extiterat in manum suam per vnum annum et vnum diem
19 651 984 694 et amplius. et quod eadem terra est de feodo ipsius abbatis illam reddidit eidem abbate ut Ius et eschaettam suam. Et habuit breue domini
16 677 969 729 Regis directum vicecomiti Salopi. scilicet R de Grendon tunc vicecomitis. quod ipsum de predicta terra in plenaria seisina poneret. et qui ipsum inde
14 705 962 758 plenaria seisina posuit. Et in tali seisina extitit per dimidium annum. et amplius quousque placuit domino Regi feoffare predictum Willelmum
14 736 977 790 de Gardinis de predicta escaetta sua. scilicet de terris et tenementis que predictus Willelmus Burnel de eo tenuit in capite. Et tunc idem Willelmus
14 765 969 829 de Gardinis occasione predicti feoffamenti occupavit sibi predictam terram et ipsum Abbatem inde disseisivit. Et quod ita sit, ponit se
18 796 106 833 super assisam.
