901 1075
0 9 896 84 ¶ Agnes que fuit uxor Symonis de Gerdeleg optulit se iiii die versus Ricardum Textorem de Tuttebir de placito unius
17 45 900 123 mesuagii cum pertinenciis in Tuttebir quod clamat ut jus suum versus eum etc. Et Ricardus non venit etc. Et summonicio etc.
16 83 862 158 Judicium mesuagium capiatur in manum domini regis. Et dies etc. Et ipse summoneatur quod sit hic in crastino Purificacionis Beate Marie etc.
0 115 179 154 Octabis sancti Hyllarii.
14 146 878 221 ¶ Simon filius Nicholai de Tappellawe petit versus Thomam de Withemere et Elenam uxorem ejus tres acras terre cum
17 190 858 263 pertinenciis in Tappelawe ut jus suum etc. Et in quas non habet ingressum nisi per Stephanum de Clyveden cui
16 236 899 308 Simon de Tappellawe avunculus predicti Simonis cujus heres ipse est illas dimisit ad terminum qui preterit
14 277 436 326 scilicet ad terminum vite ipsius Stephani qui obiit etc.
10 318 895 368 Et Thomas et Elena per attornatum suum veniunt. Et alias scilicet coram justiciariis   itinerantibus apud Glouc voca
158 353 219 381 Galfridum de
12 361 870 408 verunt ad warantum Cliveden qui modo venit per summonitores et ei warantizat et dicit quod predictus Simon nullum jus
9 401 885 452 clamare potest in predicta terra quia dicit quod predictus Simon de Tappell avunculus ipsius Simonis cujus
2 442 859 490 heres ipse est dedit et concessit predictam terram cuidam Stephano de Cliveden   patri ipsius Galfridi cujus
4 483 878 530 heres ipse est habendam et tenendam eidem Stephano et heredibus suis de predicto Simone et heredibus suis
10 527 871 571 inperpetuum per cartam ipsius Simonis quam profert de feoffamento et que hoc testatur unde dicit quod si
7 564 875 610 aliquis ipsum inde inplacitaret tenetur idem Simon ei warantizare tanquam heres ipsius Simonis avunculi sui.
13 606 880 654 Et Simon filius Nicholai de Tappelawe bene defendit quod predictus Simon avunculus suus nunquam dedit nec
8 647 881 695 concessit predicto Stephano patri predicti Galfridi predictam terram nec predictam cartam ei inde fecit et de hoc
6 687 858 739 ponit se super patriam et super testes nominatos in carta et Galfridus similiter. Et Galfridus per
13 729 868 775 sic quod inquiratur offert domino regi dimidiam marcam et recipitur per plegium ipsius Simonis. Et ideo preceptum est vicecomiti
3 766 866 815 quod venire faciat a die Pasche in xv dies apud Novum Castrum super Tynam vel coram N. de
5 806 883 858 Haulon si prius in partes illas etc. Radulfum de Anvers et Ricardum de la Wyk testes nominatos in predicta
4 849 892 897 carta et preter illos xii tam milites etc. per quos etc. et qui nec etc. ad recognoscendum etc. Si predictus Simon filius Nicholai
10 895 857 940 de Tappell avunculus ipsius Simonis cujus heres ipse est dedit et concessit predicto Stephano patri predicti
6 935 871 978 Galfridi cujus heres ipse est predictam terram et predictam cartam suam ei inde fecit sicut predictus
5 972 867 1017 Galfridus dicit vel si idem Simon nunquam dedit nec concessit predicto Stephano predictam terram nec predictam
5 1011 851 1055 cartam ei inde fecit sicut predictus Simon dicit. Quia tam etc. Et concessum est hine inde etc.
