971 992
3 9 936 55 ¶ Assisa venit recognitura si Prior de Wenlak Rogerus filius Thome Thomas filius Ade Willelmus le Forester Robertus filius Roberti et Thomas filius ejus
10 45 956 90 Injuste etc. prostraverunt quoddam stagnum in Eton ad nocumentum liberi tenementi Ricardi Clech in eadem villa post primam etc. Et unde queritur quod
12 75 952 123 per prostracionem istam amittit aquam que solebat currere ad quoddam molendinum suum in predicta villa ita quod molendinum
14 109 362 147 illud non potest molere propter defectum aque.
15 139 962 202 Et Prior venit et dicit quod non prostravit predictum stagnum. Immo dicit quod prostratum est per inundacionem aque et non per ipsum
13 173 256 211 et de hoc ponit se super assisam.
17 201 957 267 Juratores dicunt quod omnes preter predictum Priorem prostraverunt predictum stagnum injuste etc. sicut breve dicit. Ideo consideratum est quod pre
13 236 771 291 dictum stagnum relevetur in statu quo prius ad custum predictorum Rogeri et aliorum et ipsi in misericordia.
8 271 966 335 ¶ Assisa venit recognitura si Philippus de Bruges avunculus Ricardi filli Ricardi de Bruges fuit seisitus in dominico suo etc. de xxx acris terre
17 309 951 369 cum pertinenciis in Astlegh die quo etc. et si etc. Quam terram Rogerus filius Philippi tenet. Et ipse non venit et resummonicio etc.
18 341 262 383 Ideo capiatur assisa versus eum per defaltam.
19 372 965 435 Juratores dicunt quod predictus Philippus avunculus predicti Ricardi obiit seisitus de predicta terra ut de feodo et post terminum set dicunt quod predictus
17 410 967 465 Ricardus non est propinquior heres ipsius Philippi quia dicunt quod predictus Philippus de cujus morte tulit assisam istam habuit quosdam filios
21 445 955 492 de uxore sua sibi legitime desponsata qui adhuc vivunt unde dicunt quod ipsi sunt propinquiores heredes predicti Philippi. Et
19 476 876 519 ideo consideratum est quod predictus Rogerus inde sine die et predictus Ricardus nichil capiat per assisam istam et sit in misericordia pro falso clamore.
19 514 951 554 ¶ Johannes le Cruchur et Alicia uxor ejus petunt versus Johannem de la Pole et Richeldam uxorem ejus dimidiam virgatam terre cum pertinenciis in la Pole
25 543 959 592 ut jus et maritagium ipsius Alicie. Et in quam idem Johannes non habet ingressum nisi per Johannem Pyrun cui Johannes de Cotton quondam
29 572 457 610 vir ipsius Alicie illam dimisit cui ipsa in vita sua etc.
25 600 965 651 Et Johannes de la Pole et Richelda veniunt et vocant ad warantum predictum Johannem   Pyrun qui presens est et eis warantizat. Et defendit jus ipsius
24 637 962 680 Alicie quando etc. et bene defendit quod ipse non habet ingressum nisi in predictam terram per predictum Johannem de Cotton immo per quendam
24 668 967 720 Walterum Pyrun patrem predicti Johannis cujus heres ipse est et qui inde obiit seisitus. Et que ei descendit jure hereditario. Et de hoc po
27 703 580 750 nit se super patriam et Johannes le Crucher et Alicia similiter. Ideo fiat inde jurata.
30 736 954 780 Postea concordati sunt. Et predictus Johannes de la Pole dat dimidiam marcam pro licencia concordandi per plegium predicti Johannis le Cruchur. Habeant cyrographum.
22 771 964 811 ¶ Assisa venit recognitura si Robertus filius Audoeny avunculus Juliane filie Warini fuit seisitus in dominico suo etc. de uno mesuagio et una virgata terre cum
26 801 956 845 pertinencis Deukeshull die quo etc. et si etc. Quam terram et quod mesuagium Willelmus le Fiz le Prestre et Margeria uxor ejus tenent.
24 835 322 872 Qui veniunt et nichil dicunt quare assisa remaneat.
27 861 963 909 Juratores dicunt quod predictus Robertus avunculus predicte Juliane obiit seisitus de predictis mesuagio et terra ut de feodo et post terminum set dicunt quod predicta
27 890 969 940 Juliana non est propinquior heres ejus quia dicunt quod predicta Juliana nata fuit antequam mater sua fuisset desponsata. Et ideo consideratum
28 923 839 978 est quod predicti Willelmus et Margeria inde sine die et Juliana nichil capiat per assisam istam et sit in misericordia pro falso clamore.
0 260 49 286 Dampna
