982 606
22 3 955 44 ¶ assisa uenit recognitura si Robertus Corbet injuste etc. disseisivit Egidium de Erdinton de communa pasture sue in Morton et
28 41 943 79 Preston que pertinet ad liberum tenementum suum in Besford post primam etc. Et unde queritur quod disseisivit eum de communa pasture sue
23 79 955 114 de quadam mora que continet quadraginta acras in qua solebat habere communam tanquam pertinentem ad liberum tenementum suum in eadem
30 113 957 161 villa per totum annum ad omnimoda averia sua quousque idem Robertus ei deforciavit pasturam illam et similiter queritur quod cum
25 151 979 198 habere debeat communam pasture sue in quodam bulneto quod continet quinque acras ad omnimoda averia sua post blada
28 189 954 244 asportata de campis bulneto illo adjacentibus predictus Robertus bulnetum illud includi fecit fossato et haya nec
34 238 382 273 permittit ipsum aliquo tempore ibi habere communam.
24 277 953 320 Et Robertus venit. Et dicit quod predictus Egidius injuste tulit assisam istam quia dicit quod idem Egidius nec aliquis antecessorum
25 318 962 358 qui predictum tenementum de Besford tenuerunt nunquam aliquam communam ibi habuit nec habere debet nec solet nisi de gracia vel permissione
30 353 761 397 et pro suo dando scilicet pro arruris et gallinis dandis per annum. Et de hoc point se super assisam.
18 398 955 437 Juratores dicunt quod predictus Robertus disseisivit predictum Egidium de predicta communa pasture injuste etc. sicut breve dicit. Quia dicunt
24 438 966 475 quod predictus Egidius et omnes antecessores sui qui predictum tenementum de Besford tenuerunt semper communicare solent et debent
19 477 927 513 cum omnimodis averiis suis per totum annum in predicta mora et similiter in predicto bulneto post blada de campis de
16 513 966 554 bulneto illi adjacentibus quam pertinentibus ad liberum tenementum ipsorum de Besford sine aliquo suo dando et ideo consideratum est
19 554 446 593 quod predictus Egidius recuperet seisinam suam et Robertus in misericordia.
