951 799
17 7 935 72 ¶ Abbas de Salop petit versus Hugonem filium Hugonis unam virgatam terre cum pertinenciis in Ruggewrthyn et versus Willelmum
17 45 914 111 Cadygan dimidiam virgatam terre cum pertinenciis in eadem villa ut jus suum ecclesie sue etc. Et unde quidam Hugo
18 79 930 154 predecessor suus quondam Abbas Salop fuit seisitus in dominico suo et de feodo et jure tempore Regis Johannis patris domini
20 122 816 194 regis nunc capiendo inde explecia ad valenciam etc. Et quod tale sit jus suum et ecclesie sue offert etc.
15 157 907 231 Et Hugo et Willelmus veniunt et defendunt jus suum quando etc. Et predictus Hugo dicit quod predictus Abbas nullum jus
19 204 932 266 clamare potest in predicta terra quia dicit quod quando predictus Hugo pater suus obit. fuit ipse Hugo infra etatem
17 240 939 308 ita quod ipse Hugo eo quod predictus Hugo pater suus predictam terram tenuit de predicto Abbate per servicium militare fuit
20 288 915 348 in custodia ipsius Abbatis una cum predicta terra. Et dicit quod priusquam venit at legitimam etatem suam idem
21 323 914 386 Abbas ei reddidit terram suam et inde cepit homagium suum in abbacia ipsius Abbatis de Salop coram pluribus
22 362 922 426 tunc ibi presentibus. Et de hoc ponit se super patriam. Et Willelmus dicit quod non debet ei ad hoc breve respondere quia
27 398 923 469 dicit quod non tenet integre predictam terram versus eum petitam quia (dicit quod) quidam Thomas Radigan frater
29 439 567 514 suus tenet inde medietatem. Et de hoc ponit se super patriam.
23 471 942 550 Et predictus Abbas bene defendit quod nunquam cepit homagium predicti Hugonis de predicta terra et similiter dicit quod predictus
35 512 923 587 Willelmus integre tenet predictam dimidiam virgatam terre et tenuit die quo breve suum impetravit scilicet vii° die Januari
33 553 765 627 anno xIo. Et de hoc ponit se super patriam. Et Hugo et Willelmus similiter. Ideo fiat inde jurata.
30 577 942 658 Juratores dicunt quod predictus Abbas nunquam cepit homagium suum predicti Hugonis de predicta terra. Et ideo consideratum est quod predictus Abbas recuperet
32 616 943 685 seisinam suam et Hugo in misericordia. Dicunt eciam quod predictus predictus Willelmus non tenet integre predictam dimidiam virgatam
32 651 946 719 terre. Dicunt enim quod predictus Thomas frater ipsius Willemi tenet inde medietatem et tenuit die quo predictum breve suum fuit
31 687 943 756 impetratum. Et ideo consideratum est quod predictus Willemus inde sine die et quod predictus Abbas nichil capiat per breve istud et sit in
36 731 511 792 misericordia pro falso clamore. Et perquirat sibi per aliud breve si voluerit.
