955 588
13 3 938 52 ¶ Abbas de Crokesden dat unam marcam pro licencia concordandi cum Jacobo de Audel de placito chemini per plegium ipsius Jacobi.
20 45 133 76 Et habent cyrographum.
11 66 926 112 ¶ Robertus de Say summonitus fuit ad respondendum Elie filio Ricardi Cadigan de placito quod teneat convencionem factam inter ipsum
17 113 926 154 Elyam et Hugonem de Say patrem predicti Roberti cujus heres ipse est de uno mesuagio et dimidia virgata terre cum pertinenciis
17 152 938 192 in Morton Et unde predictus Elyas queritur quod cum predictus Hugo pater ipsius Roberti cujus heres ipse est dimisisset predictam
17 192 936 232 terram et mesuagium ad terminum decem annorum ita quod per dimissionem illam fuit ipse in seisina per tres annos in vita predicti Hugonis
19 230 908 273 patris sui predictus Robertus statim post mortem ipsum ejecit de terra illa ita quod septem anni ei aretro sunt de predicto
16 267 901 313 termino suo. Et unde dicit quod deterioratus est et dampnum habet ad valenciam centum solidorum. Et inde produxit sectam etc.
10 316 893 360 Et predictus Robertus venit et defendit vim et injuriam quando etc. Et petit sibi ostendi si aliquod habeat scriptum vel
10 357 925 401 cartam vel aliquod munimentum per quod predictus Hugo pater suus ei dimiserat predictam terram ad predictum terminum decem
11 391 936 447 annorum. Et predictus Elias dicit quod nichil habet de predicto Hugone de predicto termino nec cartam nec aliquod munimentum nisi simplex
18 438 926 485 dictum suum set offert domino regi i marcam per sic quod inquiratur per patriam. Et predictus Robertus petit judicium desicut nichil ostendit
13 480 918 528 nec cartam nec aliquod aliud munimentum de predicto termino nisi simplex dictum suum si de facto patris sui possit ponere ipsum
11 530 275 556 ad legem vel ad inquisicionem patrie. etc.
