1013 618
15 3 979 64 ¶ assisa uenit recognitura si Iacobus de Audeleg Adam le Provost de Egemindon. Ricardus filius Willelmi. Willelmus le Blunt
24 45 980 102 Robertus de Halur. Ricardus Sward. Ricardus filius ejus. Adam le Palmer. Adam Chirin Simon Rate Ricardus Doet
28 75 968 138 Ricardus filius Radulfi Willelmus de la Hale Walterus prepositus Willelmus Dire. Radulfus Dire Ricardus de Holewey. Ricardus Rathebon. Radulfus
29 111 964 175 le Serjant Willelmus Chyrin. Rogerus le Gris. Robertus Nater. Robertus filius Ricardi. Ricardus filius Ricardi Willelmus Albus Robertus
30 144 977 220 fiz le Bedel. Walterus Cherin. Robertus Swart. Robertus filius Walteri de Pylestok. Petrus de Pykestok. Robertus filius
25 184 969 258 Ade. Reginaldus Cambun. Willelmus frater eius. Ricardus de Tybriston. Adam Edrich. Petrus Diri. Rogerus le Bercher
35 222 962 296 et Thomas le Pastur injuste etc. disseisiverunt Johannem de Chedewinde de libero tenemento suo in Chedewinde post
36 275 655 335 primam etc. Et unde queritur quod disseisiverunt eum de centum acris bruere cum pertinenciis.
32 303 980 374 Et Jacobus venit et respondet pro se et omnibus aliis et dicit quod predictus Johannes injuste tulit assisam istam quia
41 343 977 406 dicit quod predicta bruera de qua queritur et quam posuit in visu suo non est in Chedewinde immo in Ege
46 380 981 444 mindon. Postea dicit quod licet bruera illa esset in Chedewinde non disseisiverunt eum de bruera illa. Dicit enim
47 426 866 479 quod Henricus de Audeleye pater ipsius Jacobi cujus heres ipse est toto tempore suo tenuit predictam brueram in
52 452 970 521 dominico suo tanquam pertinentem ad liberum tenementum suum in Egemendon et inde obiit seisitus ita quod post mortem
54 494 949 564 ipsius Henrici patris sui intravit ipse in brueram illam simul cum omnibus aliis terris ipsius Henrici quas
60 544 489 596 tenuit in Egemendon tanquam filius suus et heres.
