993 1240
13 0 981 52 ¶ Walterus de Pedwardin et Matillis uxor ejus petunt versus Petrum Peverel et   Radulfum de Kent terciam partem tercie partis duarum carucatarum terre
23 35 979 79 cum pertinenciis in Eyton in Wydemore ut dotem ipsius Matillidis etc. Unde Willelmus de Eyton primus vir ipsius Matillidis ipsam dota
21 71 82 97 vit etc.
13 80 986 135 Et Petrus et Radulfus veniunt et dicunt quod non debet inde dotem habere. quia dicunt quod predictus Willelmus primus vir predicte Matillidis nunquam fuit
13 112 992 169 ita in seisina de predicta terra. quod ipsam inde dotare potuit. Dicunt enim quod quidam Petrus de Eyton pater predicti Willelmi de Eyton
12 149 992 197 cujus heres ipse est obiit seisitus de tota predicta terra unde ipsi modo petunt terciam partem tercie partis. et dicunt quod idem Willelmus statim
12 181 990 228 post mortem ipsius Petri patris sui dotavit quandam Aliciam uxorem ejusdem Petri matrem suam de predicta tercia parte unde ipsi modo petunt
11 211 990 258 dotem. Et desicut predicta Alicia fuit uxor patris et predicta Matillis uxor filii et predicta Alicia fuit dotata de predicta tercia parte integre
9 240 991 296 et predicta Matillis de tercia parte predictarum duarum parcium ita quod predictus Willelmus tantum fuit in seisina de predictis duabus partibus que ei re
10 277 975 332 manserunt. et non de predicta tercia parte nisi in tenencia quousque inde dotasset predictam Aliciam matrem suam. petunt judicium si predicti
23 305 973 370 Walterus et Matillis non possint dotem de dote exigere. Et predicti Walterus et Matillis non possunt hoc dedicere. Ideo consideratum est quod predicti Petrus
14 332 765 396 et Radulfus inde sine die. et predicti Walterus et Matillis nichil capiant per breve istud. et sint in misericordia pro falso clamore.
13 380 969 442 ¶Jurata xxili. ad convincendum. xii. venit recognitura si Galfridus de Pynlegh Reynerus le Rus Ricardus de Pynkelegh et Cecilia uxor ejus
17 420 979 478 injuste etc. disseisiverunt Willelmum de Pynkelegh de libero tenemento suo in Pynkelegh post primam etc. Et unde queritur quod disseisiverunt eum de duabus
17 451 978 518 partibus manerii de Pynkelegh cum pertinenciis exceptis sex acris terre et capitale mesuagio. Et unde predictus Willelmus queritur quod juratores assise nove disseisine
17 487 969 555 que inde summonita fuit et capta coram S. de Wauton justiciario ad hoc assignato falsum inde fecerunt sacramentum eo quod dixerunt quod predictus
22 520 966 597 Galfridus et alii non disseisiverunt predictum Willemum quia nunquam fuit in seisina. Dicit enim quod Willelmus de Pynkeleg pater ipsius Willemi per longum
22 556 977 635 tempus ante mortem suam feoffavit ipsum de predicta terra et ipsum in plenaria seisina posuit. ita quod idem Willelmus fuit in pacifica
21 595 983 677 seisina tempore predicti Willelmi patris sui et eciam post mortem ipsius Willelmi per tres septimanas et amplius quousque predictus Galfridus et alii ipsum
106 631 160 659 et disseisiverunt
24 633 208 683 inde injuste ejecerunt etc.
25 666 968 754 Et Galfridus et alii veniunt et Galfridus respondet pro se et pro omnibus aliis. et dicit quod prefati juratores bene juraverunt quia dicit quod predictus Willelmus
26 702 964 779 de Pynikelegh pater predicti Willelmi similiter fuit pater suus. et quod idem Willelmus habuit duas uxores. Et de prima uxore procreavit.
23 736 963 809 ipsum Galfridum qui est filius ejus antenatus et heres. et de secunda uxore sua genuit predictum Willelmum. Et bene cognoscit
23 768 973 839 quod quedam perlocucio facta fuit inter predictum Willelmum patrem ipsorum et predictum Willelmum filium suum quod feoffaret ipsum Willelmum
24 802 968 872 de predicta terra et revera quandam cartam ei inde fecit de feoffamento set dicit quod nunquam se dimisit de predicta terra
24 837 970 904 nec statum suum mutavit. Immo semper fuit inde in continua seisina. et inde obiit seisitus. et post mortem ipsius Willelmi
25 865 969 934 intravit idem Galfridus in seisina predicte terre ut filius suus antenatus et heres. Et quod nullam aliam disseisinam ei inde fecit
24 905 955 967 petit juratam. Et juratores veniunt et hoc idem dicunt super sacramentum. et bene dicunt quod juratores prioris assise bene juraverunt. Et ideo
28 937 946 1003 consideratum est quod predictus Galfridus inde quietus et predictus Willelmus nichil capiat per juratam istam et sit in misericordia pro falso clamore.
26 969 226 1012 Et committatur gaolam.
17 1009 956 1081 ¶ Eva que fuit uxor Warini de Pesenhale petit versus Priorem de Wenlak terciam partem unius noke terre cum per
29 1040 385 1086 tinenciis in Passenhal ut dotem suam etc.
28 1074 961 1141 Et Prior venit et dicit quod predicta Eva non debet inde dotem habere quia dicit quod predictus Warinus quondam vir ipsius
25 1112 950 1178 Eve tenuit predictam terram in villenagio et non libere et de hoc ponit se super patriam. Et Eva similiter. Ideo fiat
26 1144 953 1215 inde jurata. Postea venit predictus Prior et optulit se iiii die versus predictam Evam. Et ipsa non venit. Et fuit querens. Ideo ipsa et
28 1189 288 1219 plegii sui de prosequendo in misericordia. Pauper est.
