1134 1066
20 22 1110 84 ¶ Preceptum fuit vicecomiti quod cum Ricardus de Stenyng die Lune proxima post festum exaltacionis Sancte Crucis anno regni regis
29 60 1093 121 nunc sextodecio in curia regis coram lohanne. de Foxle et Iohanne de Stonore Iusticiariis domini regis ad assisas in comitatu
27 88 1096 159 predicto capiendas assignatas apud Wynton recuperasset versus lohannem Gileberd Iohannem filium Iohannis Gyleberd
26 132 1089 196 Ricardum le Taillour et Adam Benelewe quadraginta solidos pro dampnis suis que habuit occasione cuiusdem
23 164 1133 235 disseisine eidem Ricardo de Stenyng per prefatem Iohannem et alios de duabus Acris terre cum pertinenciis in Suthwyk et Wansted
27 202 1086 263 illate prout pro quandam assisam none dissesine ibi inde. inter eos summonitum et captum conuictum fuit sicut regi
28 236 1072 298 constat per inspeccionem recordi. et processus assise predicte que coram eo certis de causis venire fecit Rex
27 271 1110 337 Ac ex parte predicti Ricardi de Stenyng accepit Rex quod treginta solidi de dampnis predictis ei adhuc restant
21 303 1104 371 Saluendi per quam eidem vicecomes preceperat Rex quod per probes etc. scire faciat predictis Iohanni Gileberd Johanni filii Iohannis
14 336 1131 407 Gileberd Ricardo le Taillour et Ade Benelewe quod essent coram regis in octabis Sancti Michaelis proxima preteriter vbicumque
20 371 1133 438 tunc etc. ad ostendum si quod pro se haberent vel dicere scirent quare predicti triginta solidi de terris etc. in balliua sui
20 409 1090 473 fieri et prefato Ricardo Steynyng reddi non deberent, etc. Et vlterius etc. Idem vicecomes ad diem illum regis
19 439 1090 509 retornit quod scire fecit predictis Iohanni Gileberd. Johanni filii Iohannis Gileberd Ricardo le Taillour et Ade Benelewe
20 475 1099 549 per Ricardum petenyus et Ricardum de Mulebrigg quod essent coram regis ad prefatum terminum qui quidem Iohannes Gilebord
13 514 1066 584 et alii licet per vicecomiti permoniti [per+10 minims] ad diem coram regis venire non Curarunt Idem quia Ricardus de Steynyng
15 547 1106 623 postea venit in curia regis coram ipso regis. Et per statutum de communi consilio reddendum [rdm] regis inde prouisum elegit
16 584 1102 654 sibi liberare omnia bona et catalla predictorum Iohannis Gileberd et aliorum praeter boues et assr de Caricis suis et
17 620 1100 687 similiter medietatem omnium terrarum et tenementorum suorum tenendum [tend] vel liberum tenementum sibi et assignatis suis iuxta formam statui
17 652 1133 723 predicti quousque de predictis triginta solidis plenarius fierit satisfactionem,  omnia bona et catalla predictorum Iohannis et aliorum
19 688 1126 761 praeter boues et assi de caricis suis et similier medietatem omnium terrarum et tenementorum suorum. eidem Ricardo de Steynyng
24 721 1087 792 sine dilacione per racionabile precium extentis liberaris faciat tenendum vt liberum tenementum sibi et assignatis suis
21 755 1113 827 iuxta formam statuti predicti quousque predictos triginta solidos plenarius inde leuauerit Et qualiter etc. scire
17 789 1090 867 faciat regis hic ad hunc etc. scilicet In octabis Sancti Hillarii vbicumque etc. Idem vicecomes ad diem illum regi
17 822 1093 898 retornit quod breue quod sibi inde venit adeo tarde etc. Ideo sicut alias preceptum est vicecomiti quod omnia
15 858 1088 929 bona et catalla predictorum Iohannis Gileberd et aliorum prater boues etc. Et similiter medietatem omnium terrarum et tenementorum
13 894 1094 971 suorum per racionabile precium et extentis liberaris faciat prefato Ricardi Stenyng tenementum vel liberum tenementum sibi
14 931 1083 1005 et assignatis suis per formam statuti predicti quousque predictos triginta solidos plenarius inde leuauerit. Et
10 984 744 1039 qualiter etc. scire faciat regis In die Pasche in xv. dies vbicumque etc.
