800 600
5 39 794 141 Johannes de Hepwode per Henricum de Stolefeld attornatum suum optulit se iiijto quarto die versus Willelmum filium Galfridi de Heley
10 90 794 198 Margeriam filiam Nicholai Lovetsone et Aliciam filiam eiusdem Margerie et Ceciliam sororem eiusdem Alicie de placito quare
7 136 781 252 vi et armis arbores ipsius Johannis apud Spotlond nuper crescentes succiderunt et arbores illas ac alia bona et catalla sua ad
6 176 773 298 valenciam octo librarum ibidem inventa ceperunt et asportaverunt et herbam suam ibidem nuper crescentem ad valenciam quadraginta
4 212 791 345 solidorum cum quibusdam averiis depasti fuerunt conculcavererunt et consumpserunt et alia enormia ei intulerunt ad grave dampnum ipsius
3 259 779 393 Johannis et contra pacem regis etc. Et ipsi non venerunt. Et predictus Willelmus fuit districtus per catalla ad valenciam trium
5 303 789 440 denariorum et manucaptus per Thomam Jakes, Willelmum Hopekyns, Ricardum Rous et Nicholaum Tracy. Ideo ipsi in misericordia. Et sicut prius preceptum
4 356 792 489 fuit vicecomiti quod distringat eum etc per omnes teras etc. et quod de exitibus etc et quod habeat corpus eius hic a die sancte Trinitatis in
6 396 785 534 xv dies et de omnibus aliis mandat vicecomes quod non sunt invente etc. Ideo sicut prius preceptum est vicecomiti quod capiat eas etc si etc
7 497 433 581 et salvo etc ita quod habeat corpora eorum hic ad prefatum terminum.
