800 600
15 20 777 103 Et predictus Walterus per Ricardum de Dorchestre attornatum suum venit. Et defendit ius suum quando etc. Et dixit
20 63 787 141 quod quidam Thomas de Anne proavus predicti Radulfi scilicet pater Alicie matris Roberti patris predicti Radulfi cuius heres
24 111 759 177 ipse est fuit seisitus de predicto manerio cum pertinenciis in dominico suo ut de feodo, qui quidem Thomas per
23 151 786 209 nomen Thome de Anne Burgensis Dorcestrie per cartam suam dedit manerium predictum cum pertinenciis et alia maneria
18 191 762 249 et tenementa per nomen capitalis manuagii sui cum curtilagio in Dorcestre una cum septem acris terre arabilis infra
25 227 778 282 muros et pratum quod vocatur Egglesham et maneriorum suorum de Wynterborne Germayn et Tynkelden cum
24 260 778 321 omnibus pertinenciis suis predictis Johanni de Farendon et Alicie habendum eisdem Johanni et Alicie et eorum heredibus et asslignatis
31 302 779 358 imperpetuum et obligavit se et heredes suos ad warrantizandum maneria et tenementa predicta cum pertinenciis predictis Johanni et Alicie et eor
27 344 784 401 heredibus et assignatis versus quoscumque imperpetuum que quidem Alicia obiit post cuius mortem predictus Johannes de predicto
35 384 776 439 manerio de Tynkelden cum pertinenciis feoffavit predictum Walterum et sic dixit quod si ipse ab aliquo
35 424 782 479 extraneo implacitatus fuerit de manerio predicto predictus Radulfus teneretur ut heres predicti Thome manerium predictum cum
28 472 767 517 pertinenciis eidem Waltero ut assignato predicti Johannis warrantizandum unde petit iudicium si predictus Radulfus actionem predictam
32 509 779 552 contra cartam predictam que warrantiam in se continet manutenere posset, et protulit tunc ibidem predictam cartam que
33 574 253 587 donum et warrantiam predicta testabatur
