1126 216
12 21 1116 64 denarios quos de herbagio ibidem et xv solidos quos de amerciamentis hominum percepit prefato episcopo virtute mandati
20 65 1058 112 nostri predicti liberavit, vos nichilominus summas predictas prefato Willelmo in compoto suo ad dictam scaccariam
16 110 1074 161 allocare distulisti et adhuc differtis in ipsius WillelmI dampnum non modicum et gravamen, nos
14 155 1085 202 nolentes eidem Willelmo iniuriari in hac parte vobis mandamus quo si vobis constiterit summas
