1118 230
10 18 1103 57 quod si bona vel catalla eiusdem Episcopi aut ecclesias Episcopatui predicto appropriatas seu terras vel tenementa de dotibus
20 70 1087 109 earundem ecclesiarum existencia aut aliqua alia ad dictum Episcopatum pertinencia preter temporalia eiusdem pro quibus
20 115 1086 162 nobis fidelitatem fecit ut predictum est pretextu mandati predicti ceperit in manum nostram tunc ea eidem
20 162 1103 210 Episcopo vel eius in hac parte attornato una cum exitibus de dictis ecclesiis et dotibus earundem per ipsum vicecomitem perceptis
