1104 212
11 14 1059 68 restitueret indilate sicut per inspexcionem rotulorum cancellarie nostre nobis constat et licet Willelmus de
7 60 1086 111 Middelton tunc vicecomes comitatuum predictorum lxx et octo solidos unum denarium et j quadrantam quos de redditu personatus de
6 104 1082 152 Hoxne ad pascha anno regni nostri Anglie xxj et quatuor libras duos denarios j obolum et j quadrantam quos de eodem
6 149 1095 195 redditu ad festum sancti Michaelis tunc proximo sequens et quinquaginta et sex solidos et octo denarios quos de firma unius
