1110 232
14 25 1077 73 molendini apud Hoxne et quinque solidos vij denarios et j obolum quos de sexaginta et tribus gallinis et centum
13 70 1088 124 ovis ibidem et triginta et sex solidos j obolum et j quadrantam quos de quadraginta et septem arruris xx et vj averagiis
7 114 1094 171 octingentis quaterviginti et decem et novem operibus yemalibus viginti et quatuor operibus lunar, lx et
6 163 1100 213 tribus operibus vocatis Daywynes quaterviginti et novem sarclature et dimidium ibidem et tresdecim solidos et iiij
