1128 194
16 23 1114 77 predictas prefato episcopo per dictum Willelmum sic liberatas de spiritualibus episcopatus predicti levatas fuisse, tunc easdem
10 71 1104 123 summas prefato Willelmo in compoto suo ad dictam scaccarium allocari et ipsum inde exonerari facere. Teste me
13 121 1097 165 ipso apud Westmonasterium x die Junii anno regni nostri Anglie vicesimo quarto regni vero nostri Francie undecimo.
