1260 216
10 28 1245 62 pro Episcopo Norwiciensis Rex Thesaurio et Baronibus suis de scaccario, salutem. Cum nuper in curia nostra coram Justiciariis nostris de banco extiterit
157 70 1233 111 consideratum quod omnia temporalia Episcopi Norwyciensis Episcopatus predicti pro quibus idem Episcopus nobis fidelitatem fecit
150 114 1226 157 pro quodam contemptu nobis facto in manum nostram seiserentur sive caperentur per quod per breve nostrum de iudicio
161 167 1236 203 preceperimus vicecomiti nostro Norfolkie et Suffolkie quod omnia temporalia predicta in manum nostram seisiri sive capi faceret
