1122 214
21 25 1080 54 ita quod de exitibus eorundem nobis responderetur; postmodumque intelligentes quod idem vicecomes mandatum nostrum
22 67 1081 99 predictum excedens quod omnia bona et catalla ipsius episcopi necnon ecclesias episcopatui predicto appropriatas ac
22 112 1111 148 eciam terras et tenementa de dotibus ecclesiarum predictarum existencia in balliva tua in manum nostram capi et seisiri fecit
14 160 1112 197 vicesimo die Februarii anno regni nostri Anglie vicesimo primo per breve nostrum preceperimus tunc vicecomiti nostro comitatuum predictorum
