1007 959
17 0 990 55 ¶ Ass venit rec si Colemanus de Ludelawe avunculus Colemanni de Ludelawe fuit seisitus in dominico suo
36 27 992 84 etc. de uno mesuagio et xliii acris terre cum pertinenciis in Sete et dimidia virgata terre cum pertinenciis in Westlinton et uno
32 59 998 121 mesuagio et duabus acris terre cum pertinenciis in Stokes die quo obilt etc. et si etc. Unde Adam de Stok unum mesuagium
37 99 979 157 et duas acras terre. Willemus Coterel quinque acras terre. Simon Holegod unum mesuagium. Henrieus Melde unam acram.
34 136 982 206 Herbertus de Ledewych decem acras terre et dimidiam. Juliana que fuit uxor Coleman septem acras. Alicia Meyle
37 179 992 244 unam acram. Hisolda la Nune sex acras. Magister Hospitalis Sancti Johannis de Ludelawe decem acras terre
34 220 997 283 et dimidiam. Adam filius David et Rogerus frater ejus tres acras Stephanus le Walsse dimidiam virgatam terre inde tenent.
32 260 996 320 Et Adam de Stok et Isolda la Nune non veniunt. set omnes alii veniunt. Et Adam et Isolda fuerunt resummoniti.
33 300 990 354 Ideo capiatur assisa versus eos per defaltam. Et Juliana que fuit uxor Colemani dicit quod predictus Coleman injuste tulit
34 335 998 391 assisam istam versus eam quia dicit quod ipsa tenet terram versus eam petitam nomine dotis. Dicit enim quod ipsa fuit
36 387 992 433 uxor predicti Colemanni avunculi predicti Colemanni et dicit quod predicta terra versus eam petita post mortem ipsius Colemanni
33 429 974 476 quondam viri sui fuit terra illa ei assignata in dotem ut illam que eam contingit de libero tenemento quod fuit
37 472 972 520 predicti Colemanni viri sui. Unde dicit quod idem Colemannus le Blund est warantus predicte dotissue ita quod si
33 512 982 559 alius ipsam inde inplacitaret teneretur ei warantizare. Et predictus Colemannus le Blund non potest hoc
37 554 963 599 dedicere Et ideo consideratum est quod predicta Juliana inde sine die Et quod predictus Colemannus quo ad hoc nichil capiat per
37 598 991 642 assisam istam et sit in misericordia pro falso clamore Et predictus Willelmus et omnes alii dicunt quod predictus Colemannus injuste
45 644 987 689 tulit assisam istam quia dicunt quod predictus Colemannus avunculus ipsius Colemanni non obit seisitus de predictis tenementis
43 685 1003 730 dicunt enim quod idem Colemannus per longum tempus ante mortem suam tenementa illa dedit et concessit cuidam Colemanno
35 731 970 773 filio suo qui fuit inde in seisina et postea tenementa illa dedit et concessit ipsi Willelmo et aliis prenominatis Et de hoc
36 768 215 813 ponit se super assisam
32 812 976 867 Juratores dicunt quod predictus Colemannus avunculus predicti Colemanni de cujus morte assisa arramiata est obiit seisitus in
38 851 1005 901 dominico suo ut de feodo de omnibus predictis tenementis et post terminum et quod predictus Colemannus le Blund propinquior heres
40 893 995 941 ejus est Et ideo consideratum est quod predictus Colemannus recuperet seisinam suam etWillelmus Coterel et omnes alii in misericordia
