1000 1285
6 4 821 73 Ricardus de Assewell et Thomas le Bygot in misericordia pro pluribus defaltis versus Hugonem de Vywn.
16 31 940 115 Iidem Ricardus et Thomas. Gilbertus le Clerk et Galfridus le Neir attachiati fuerunt ad respondendum Hugoni de
23 66 962 146 Vywn de placito quare cum judicia et execuciones judiciorum de malefactoribus captis infra libertatem ipsius Hugonis
19 106 951 182 de Norton ad ipsum Hugonem pertineant, idem Ricardus et alii libertatem illam ingressi sunt et quemdam latronem
15 146 975 215 ibidem captum et inprisonatum ceperunt et abduxerunt in prejudicium ipsius Hugonis et libertatis sue predicte contra pacem
14 177 977 247 domini Regis. Et unde predictus Hugo per attornatum suum queritur quod cum ad ipsum pertineant judicia et execuciones judiciorum
17 208 969 277 de quibuscunque malefactoribus captis infra manerium de Norton ea racione quod Dominus Rex dum predictum manerium
16 244 974 311 fuit in manu sua fuit in seisina de predicta libertate de quibuscunque malefactoribus captis infra predictum
15 277 976 342 manerium cum manuopere alicujus latrocinii. et similiter quidam Robertus le Mareschall postquam Johannes Rex pater
14 309 976 373 domini Regis nunc feofaverat ipsum de predicto manerio cum omnibus libertatibus et liberis consuetudinibus ad manerium illud
9 342 941 405 pertinentibus fuit in seisina de eadem libertate ita quod quendam Hugonem le Bret captum cum manuopere
11 376 950 442 cujusdam equi furati in predicto manerio cepit et secundum consuetudinem regni suspendi fecit. et similiter
9 409 947 474 quidam Hugo de Wywn pater ipsius Hugonis postquam dominus Rex qui nunc est feoffaverat ipsum de predicto manerio
7 443 956 512 fuit in seisina de eadem libertate tanquam ad predictum manerium pertinente. et post mortem ipsius Hugonis quidam Willelmus
11 473 961 546 de Fortibus filius et heres ipsius Hugonis et similiter ipse Hugo postquam percepit predictum manerium de predicto Willelmo
13 506 973 581 in escambium pro quodam alio manerio quod ei dedit tenendum de domino Rege in capite cum omnibus libertatibus et liberis
9 536 972 616 consuetudinibus ad predictum manerium pertinentibus, ac ipse racione predicte libertatis quamdam Isabellam de Assefeud capere
9 572 949 650 fecit cum manuopere pannorum furatorum ac inprisonare in prisona sua de Norton. predicti Ricardus et alii venerunt die
12 598 966 684 martis proxima post festum beate marie in marcio anno xli ad predictum manerium de Norton et ipsam Isabellam
14 635 965 716 in prisona detentam ceperunt et abduxerunt in prejudicium ipsius Hugonis et libertatis sue predicte contra pacem etc.
10 669 842 746 Unde dicit quod deterioratus est et dampnum habet ad valenciam Centum marcarum et inde producit sectam etc.
11 728 974 788 Et Ricardus et alii veniunt. Et omnes preter predictum Thomam bene cognoscunt quod ipsi predicto die ad predictum manerium
10 765 967 824 predicti Hugonis venerunt et ibidem in quadam domo ipsius Hugonis ubi predicta Isabella inprisonata fuit
13 801 970 858 ipsam ceperunt et abduxerunt eo quod ipsa rettata fuit de morte cujusdam hominis occisi apud Elmeswell
12 839 961 895 et bene dicunt quod predictus Hugo nullam hujusmodi libertatem habet nec unquam fuit in seisina de aliqua
6 874 973 923 hujusmodi libertate in predicto manerio habenda. Et quia predicti Ricardus et alii cognoscunt quod ipsi ceperunt predictam
10 919 960 959 Isabellam in prisona predicti Hugonis nec ipsi rem ipsam deducere possint in judicium utrum predicta libertas pertineat
10 955 962 996 ad predictum Hugonem vel non et eciam licet predictus Hugo injuste haberet prisonam in predicto manerio de
8 993 971 1029 Norton et sine aliquo waranto predictorum Ricardi et aliorum autoritate sua propria justiciam sibimetipsis exhibere non posset
13 1022 961 1061 nec aliquis disseisiri debet de libertate et liberis consuetudinibus sine judicio, consideratum est quod predict
10 1058 382 1096 Ricardus et alii sunt in misericordia pro transgressione etc.
11 1100 962 1140 Et Thomas defendit vim et injuriam quando etc. et bene defendit quod ipse predicto die ad predictam prisonam non venit
13 1135 971 1173 nec predictam Isabellam abduxit nec eciam predicta trans-gressio per ipsum facta fuit sicut ei imponit. Et quod ita
9 1165 666 1205 sit ponit se super patriam. Et Hugo similiter. Ideo fiat inde jurata.
