1119 652
9 15 1101 49 Thomas filius Radulfi Lambert de Multon indictatus coram justiciariis hic de morte Rogeri Deyessone de Para Billyng
29 50 1102 82 apud Norhamton anno regni regis nunc secundo felonice interfecti reddidit se prisone regis in custodia vicecomitis etc. Venit
24 84 1058 121 per vicecomitem ductus et allocutus qualiter se velit de morte predicti Rogeri acquietare dicit quod ipse alias coram
34 118 1086 153 Waltero de Friskeney et sociis suis iusticiariis domini regis ad gaolam castri Norhamton deliberandam assignatis die Martis
26 150 1094 187 proxima post festum Sancti Mathei anno regni regis nunc secundo allocutus fuit de morte predicta et ibidem tanquam
29 180 1088 219 clerics conuictus liberatus fuit episcopo etc. Et de hoc vocat recordum rotulorum predicti Walteri de tempore predicto etc.
519 197 637 229 de morte predicta
29 215 1079 251 Et postea coram Henrico Lincolniensi episcopo se purgauit et profert inde litteras ipsius episcopi patentes in hec verba
43 246 1093 286 Vniuersis presentes litteras inspecturis Henricus permission diuina Lincolniensis episcopus salutem in omnium Saluatore. Quoniam
27 277 1055 317 omnia que geruntur vbique facilius memorie occurrere poterunt in futurum si recenter dum contingunt litterali
30 308 1061 349 pagine fideliter comendentur, vniuersitati vestre notum facimus per presentes quod Thomas Lambard clericus super
35 339 1059 380 morte Roger de Billyng interfecti a quibusdam notatus et ideo captus et incarceratus nobisque adiudicandus
34 370 1069 409 in foro ecclesiastico secundum canonicas sanctiones no modo vel alio per iusticiarios domini regis liberatus, post plures
34 404 1074 441 clamaciones in locis hui negocio oportunis solempniter et publice promulgatas cum nullus esset qui per viam
34 431 1085 475 accusacionis vel alio modo tantum facinus contra um prosequi attemptaret, de eodem crimine canonice se purga
36 463 1087 503 uit, propter quod idem clericus ab infamia criminis huis auctoritate nostra sententialiter absolutus et restitutus integraliter fame
35 492 1082 535 sue. In cuius rei testimonium has litteras nostras eidem clerico ad instanciam suam humilem et deuotam duximus
757 515 790 546 mo
32 524 1080 566 concedendas. Datum apud Eynesham sexto idus Aprilis anno Domini millesimo . ccc . tricesimo. -- Et super hoc
32 557 1059 600 quesitis rotulis predicti Walteri de tempore predicto compertum est in eisdem quod predicts Thomas tanquam clericus conuictus
32 596 699 635 liberatus fuit episcopo etc. pro morte predicta. Ideo idem Thomas inde sine die etc.
