1121 722
19 0 1071 44 Iuetta Sope per Iohannem Leche attornatum suum petit versus Hugonem Gobyon et Agnetem vxorem eius vnam acram prati et dimidiam
46 18 678 70 cum pertinenciis in villa de Burgo Sancti Petri vt ius etc. per breue de ingressu etc.
43 46 1063 105 Et Hugo et Agnes per Iohannem de Burgh attornatum suum venit. Et vocat inde ad warantum Thomam filium et heredem Roberti
49 77 776 136 Cobbe, qui est infra etatem, et petit quod loquela illa remaneat sque ad etatem etc.
45 111 1076 169 Et Iuetta dicit quod predictus Thomas est plene etatis. Ideo preceptum est vicecomiti quod venire faciat hic die Lune proxima post
43 144 1079 201 festum Ascensionis Domini predictum Thomam vt per aspectum corporis liqueri posit curie vtrum dem Thomas sit plene etatis
45 175 1074 231 necne etc. Ad quem diem venit tam predicta Iuetta quam predicti Hugo et Agnes per predictos attornatos suos, et predictus
42 205 1067 268 Thomas non venit. Et vicecomes modo mandate quod idem Thomas nichil habet in balliua sua per quod potest attachiari
37 239 1086 301 siue distringi etc. Et testatum est quod idem Thomas satis habet in villa de Burgo Sancti Petri per quod etc. Ideo sicut
38 272 1081 338 prius preceptum est vicecomiti quod venire faciat hic predictum Thomam die Lune in crastino Sancte Trinitatis vt per aspectum corporis
35 305 1095 370 etc. et vnde etc. Ad quem diem venit predicta luetta per predictum attornatum suum, et similiter predicti Hugo et Agnes per predictum attornatum
32 338 1097 408 suum. Et vicecomes modo mandate quod predicts Thomas manucaptus est per Gilbertum Cobbe et Robertum le Rede. Ideo ipsi in misericordia etc.
36 368 1088 441 Et preceptum est vicecomiti quod distringat eum per omnes terras etc. et quod de exitibus etc. et quod habeat corpus eius hic die Veneris proxima
31 407 1101 474 post octabas Sancte Trinitatis etc. Idem dies datus est partibus predictis hic etc. Ad quem diem venit predicta luetta per predictum
32 438 1097 509 attornatum suum, et eciam predicti Hugo et Agnes per predictum lohannem de Burgh attornatum suum. Et vicecomes mandauit quod precepit Iohanni
27 472 1087 546 de Harewedon balliuo libertatis abbatis de Burgo Sancti Petri, qui sibi respondidit quod predictus heres nichil habet
31 508 1100 582 in balliua sua per quod potest distringi; et idem vicecomes dicit quod idem heres nichil habet in balliua sua extra libertatem predictam
25 543 1082 619 per quod potest distringi etc. Ideo ad peticionem predicti Iohannis de Burgh attornati predictorum tenencium preceptum est vicecomiti
28 576 1086 656 quod distringat eum per omnes terras etc. et quod de exitibus etc. et quod habeat corpus eius hic die Mercurii proxima post quindenam
26 638 577 693 Sancte Trinitatis etc. Idem dies datus est partibus predictis hic etc.
