1179 310
19 14 1152 67 Rogerus atte Grene de Magna Dodyngton felonice interfecit quendam Nicholaum le Roo de Wylebi in campo de Wyleby
11 46 1159 102 Et statim post factum captus fuit et ductus ad gaolam castri Northamton in custodia Iohannis de Wylugby tunc vicecomitis. Ideo
7 78 1148 137 respondet eius heres quo deuenit. --- Postea venit Robertus filius et heres predicti Johannis et allocutus de predicto prisono quo
9 112 1161 166 deuenit dicit . quod non potest dedicere quin fuit vicecomes tempore quo predictus Rogerus captus fuit, set dicit quod Nicholaus de Segraue tunc
9 141 1156 192 temporis fuit constabularius castri Northamton et habuit custodiam omnium prisonum existencium in castro predicto. Ita quod idem Rogerus
9 172 1159 225 nunquam in custodia predicti Johannis deuenit. Et hoc paratus est verificare prout curia. etc. Ideo datus est ei dies, die Lune proxima post festum
5 192 1173 256 Sancti Hillarii etc. --- Postea venit Robertus filius et heres predicti Johannis de Wilughby et nichil dicit quare de predicto prisone debet exonerari
11 218 1174 278 Ideo ad iudicium de euasione ipsius Rogeri super ipsum Robertum filium et heredem predicti Johannis etc. Postea compertum est per rotulos coronatorum
13 263 573 300 quod predictus Rogerus obiit in prisona. Ideo nichil de euasione etc.
