1093 975
38 6 1057 63 ¶ Prior ecclesie beate Marie de Huntyngdon per Willemum Ganet attornatum suum alias in curia hie ad primam assisam optulit se
49 38 1065 94 versus Robertum de Rissheton de placito quare cum de communi consilio regni regis prouisum sit quod non liceat alicui vastum
750 85 806 119 ecclesie
45 67 1068 119 vendicionem seu destruccionem facere de terris domibus boscis seu gardinis dimissis sibi ad terminum vite vel annorum
44 98 1055 151 idem Robertus de domibus et gardinis in Rissheton que Robertus quondam prior ecclesie beate Marie de Huntyndon pre
37 132 1059 182 decessor predicti prioris ei dimisit ad vitam ipsius Roberti de Rissheton fecit vastum vendicionem et destruccionem
40 168 1064 219 ad exheredacionem ecclesie ipsius prioris beate Marie de Huntyngdon et contra formam prouisionis predicte etc.
40 203 1069 260 Et ipse non venit. Et alias preceptum fuit vicecomiti quod summoneret eum quod esset hic ad primam assisam. Et vicecomes nichil inde fecit
41 239 1048 292 set mandauit quod predictus Robertus nichil habet in balliua sua vbi potest summoniri etc. Ideo preceptum fuit vicecomiti quod
38 276 1063 327 summoneret eum ad tenementa vastata etc. quod esset hic die Veneris proxima post festum Sancti Martini et vnde etc. Ad quem
34 312 1070 358 diem predictus prior optulit se versus predictum Robertum de predicto placito. Et ipse non venit. Et vicecomes tunc mandauit quod pre
31 345 1070 395 dictus Robertus fuit summonitus etc. Ita quod tunc preceptum fuit vicecomiti quod attachiaret eum quod esset hic die Sabati proxima post festum
31 380 1060 431 Sancte Katerine etc. Ad quem diem predictus prior optulit se versus predictum Robertum de predicto placito. Et ipse tunc non venit.
392 399 445 435 sicut
24 414 1073 459 Et vicecomes nichil inde fecit. Ita quod tune sicut prius preceptum fuit vicecomiti quod attachiaret eum quod esset hic ad hunc diem
24 445 1075 493 scilicet diem Mercurii proximam post octabas Sancti Hillarii. Et modo venit predictus prior per predictum attornatum suum et optulit se versus
23 480 1071 527 predictum Robertum de predicto placito. Et ipse non venit. Et vicecomes modo mandat quod predictus Robertus nichil habet
21 516 1073 564 in balliua sua per quod potest attachiari. Ideo preceptum est vicecomiti per statutum etc. quod distringat eum per omnes terras etc. et
17 554 1078 600 quod de exitibus etc. et quod habeat corpus cius hic die Sabati proxima post octabas Purificacionis beate Marie etc. Ad quem
16 588 1081 634 diem venit predictus prior per predictum attornatum suum et optulit se versus predictum Robertum de predicto placito. Et ipse non venit.
11 623 1070 669 Et preceptum fuit vicecomiti quod distringeret eum vt patet supra. Et vicecomes modo mandat quod idem Robertus nichil habet
15 660 1076 705 in balliua sua per quod potest distringi. Ideo per statutum preceptum est vicecomiti quod in propria persona sua accedat ad predicta
15 699 1071 741 tenementa vastata et ibidem coram eo venire faciat .xij. etc. et per eorum sacramentum diligenter inquirat quod vastum quam
13 735 1080 782 vendicionem et destruccionem predictus Robertus fecit in predictis tenementis et inquisicionem inde distincte et aperte factam
13 773 1074 821 constare faciat iusticiaris hic die Lune in prima septimana Quadragesime sub sigillo et sigillis etc. Etinterim etc.
12 810 1075 861 Ad quem diem vicecomes non misit preceptum. Ideo sicut prius preceptum est vicecomiti quod in propria persona sua accedat ad predicta
11 844 1073 892 tenementa vastata et ibidem coram eo venire faciat .xij. etc. et per eorum sacramentum diligenter inquirat quod
10 881 1079 937 vastum quam vendicionem et destruccionem predictus Robertus fecit in predictis tenementis et inquisicionem etc. scire faciat hic
6 920 832 972 die Lune in crastino quindene Pasche sub sigillo et sigillis etc. et interim etc.
