1164 918
15 18 1131 50 ¶ Willelmus Euerard de Norhampton per Simonem de Kesewyk attornatum suum petit versus Ricardum de Stratford et Aliciam uxorem
25 56 1149 87 eius vnam shopam cum pertinenciis in Norhampton vt ius et hereditatem suam et in quam ijdem Ricardus et Alicia non habent Ingressum
31 92 1119 123 nisi per Thomam Golafre quondam virum Isabelle filie Wilielmi de Eboraco matris predicti Willelmi cuius heres ipse est qui illam
33 126 1115 159 eis dimisit cui ipsa Isabella in vita sua contradicere non potuit etc. Et vnde dicit quod predicta Isabella fuit seisita
34 162 1136 194 de predicta shopa cum pertinenciis in dominico suo vt de feodo et Iure tempore pacis tempore E. regis patris domini regis nunc capiendo
39 198 1141 228 inde explecia ad valenciam etc. Et de ipsa Isabella descendit ius etc. isti Willelmo qui nunc petit vt filio et heredi. Et in quam
34 243 332 261 etc. Et inde producit sectam etc.
32 260 1143 293 Et Ricardus et Alicia veniunt et defendunt ius suum quando etc. Et dicunt quod predictus Willelmus nichil iuris clamare potest in predicta shopa
39 298 1134 330 dicunt enim quod de predicta shopa et consimilibus tenuris in villa de Norhampton talis est consuetudo ab antiquo vsi
42 336 1114 367 tata et approbata, quod quandocumque aliqui vir et vxor aliquod tenementum de iure vxoris alienare voluerint venient coram
39 371 1134 400 maiore et balliuis ville predicte apud Gildam Aulam et ibidem cognicionem facient et vxor affidabit quod nec ipsa nec heredes
43 407 1139 430 sui in tenemento sic alienato quicquam in posterum clamabunt. Post quas cognicionem et affidacionem tam ipsa vxor post
43 442 1131 467 mortem viri quam heredes sui de iure suo imperpetuum excluduntur. Et dicit quod die Lune proximo post festum ascensionis
44 476 1128 499 domini anno regni. regis E. aui domini regis nunc vicesimo octauo venerunt predicti Thomas et Isabella vxor eius, mater predicti Willelmi cuius
48 510 1126 530 heres ipse est, in Gilda Aula et ibidem coram Petro de Leycestre tunc maiore et Roberto Tolous et Willelmo Duruassal tunc
47 541 1146 563 balliuis ville predicte cognouerunt quandam cartam de predicta shopa confectam esse factum eorum.Super quo eadem Isabella
52 572 1147 597 confessa fuit et examinata ac eciam affidauit prout moris est in eadem villa. Et profert predictam cartam, que testatur
52 607 1117 630 quod idem Thomas et Isabella dederunt et concesserunt predictis Ricardo et Alicie predictam shopam cum pertinencis habendam et tenendam
52 642 1112 664 eisdem Ricardo et Alicie et eorum heredibus et assignatis imperpetuum Et obligauerunt se et heredes suos ad warantizandum etc. vnde petunt
48 679 1126 698 iudicium si contra cognicionem examinacionem et affidacionem predicte Isabelle cuius heres idem Willelmus est et eciam contra
52 712 696 731 cartam eiusdem Isabelle et warantiam predictam accionem habere possit etc.
46 744 1115 769 Et Willelmus non dedicit predictam consuetudinem, set dicit quod racione superius allegata ab accione precludi non debet
48 777 1116 801 quia dicit quod huiusmodi cognicio examinacio et affidacio nuncquam facte fuerant de predicta shopa sicut predicti
52 810 1115 832 Ricardus et Alicie dicunt. Et hoc paratus est verificare per patriam. Et predicti Ricardus et Alicia similiter. Ideo preceptum
55 834 1098 867 est vicecomiti quod venire faciat hic die Sabati proxima post mensem Pasche . xij. etc. per quos etc. Et qui nec etc. ad
57 873 375 894 recognoscendum etc. quia tam etc.
