1089 821
23 17 1048 63 Assisa venit recognitura si Willelmus le Clerk de Braundeston et Iohannes filius eius et Iohannes Couele de
20 55 1051 98 Haldenby iniuste etc. disseisiuerunt Rogerum de Whyteby de Watteford et Margeriam vxorem eius de libero
15 90 1044 129 tenemento suo in Assheby Leger post primam etc. Et vnde queruntur quod disseisiuerunt os de quinque solidatis redditus cum pertinenciis.
22 127 1042 165 Et Willelmus et alii non veniunt, set quidam Iohannes de Daylyngton respondit pro eis tanquam eorum balliuus.
22 162 1053 197 Et pro predicto Willelmo le Clerk dicit quod ipse nichil clamat in redditu predicto nec aliquam iniuriam seu disseisinam
29 194 1031 232 ei fecit etc. Et pro Iohanne filio eiusdem Willelmi tanquam tenente tenementorum in visu positorum etc. vnde idem
31 229 1035 269 Rogers et Margeria asserunt predictum redditum prouenire etc. non tenentur de is nec sunt de eorum feodo
26 261 1035 303 seu dominio etc. Et petit iudicium etc. Et pro predicto Iohanne de Couele tanquam tenente predicti redditus
29 292 1041 332 dicit quod predicti Rogers et Margeria iniuste se queruntur in hac parte, quia dicit quod quidam Iohannes pater ipsius
27 327 1053 365 Iohannis de Couele cuius heres ipse este obit seisitus de predicto redditu in dominico suo vt de feodo, post cuius mor
24 356 1039 399 tem ipse intrauit in predicto redditu vt filius et heres ipsius Iohannis propinquior et seisinam sum inde hucusque con
28 392 1054 435 tinuauit absque aliqua iniuria aut disseisina eisdem Rogero et Margerie inde facienda etc. Et de hoc ponit se super
29 426 149 461 assisam etc.
25 456 1052 495 Et predicti Rogers et Margeria dicunt quod predicta tenementa posita in visu etc. vnde etc. tenentur de eis per predictum seruicium
27 487 1050 526 predictorum quinque solidorum per annum, de quo quidem redditu ipsi seisiti fuerunt vt de libero tenemento suo quousque
32 517 1044 557 predicti Willelmus et alii ipsos inde iniuste disseisiuerunt etc. Et hoc petunt quod inquiratur per assisam etc. Et predicti
21 551 597 593 Willelmus et ali per predictum balliuum similiter. Ideo capiatur assisa.
26 589 1048 629 Et iuratores ex consensu parcium electi veniunt et dicunt super sacramentum suum quod predicta tenementa tenentur de predictis Roger
28 623 1029 662 et Margeria per seruicia predicta et quod predicti Iohannes filius Willelmi et Iohannes de Couele disseisiuerunt predictos
36 656 1048 696 Rogerum et Margeriam de predicto redditu scut queruntur. Ideo consideratum est quod predicti Rogers et Margeria recuper
32 687 1042 728 ent inde seisinam sum per visum recognitorum et dampna sua que taxantur per eosdem ad viginti solidos.
30 723 1032 762 Et predicti Iohannes filius Willelmi et Iohannes de Couele in misericordia. Et similiter predicti Rogers et Margeria in misericordia pro
35 757 1048 799 falso clamore versus predictum Willelmum etc. Postea in curia hic venit predictus Rogers de Whyteby et cognouit quod satisfactum est
37 783 637 819 eis de dampnis predictis. Ideo predicti Iohannes et Iohannes inde quieti etc.
