1138 1440
13 6 1112 73 Matillis que fuit vxor Roberti de Hastyng petit versus Johannem filium Roberti de Hastyng terciam partem quadraginta
35 36 1107 103 et octo salidatarum redditus et redditus duarum gallinarum cum pertinenciis in Herliston Heyford Colyngtrough Dodeford
38 86 468 135 Welton Tokene et Stanerne vt dotem etc.
41 95 1099 170 Et Iohannes venit et dicit quod predicta Matillis non debet inde dotem habere, quia dicit quod ipsa post mortem predicti Roberti
48 129 1101 194 quondam viri etc. de cuius dotacione etc. recepit quinquaginta solidatas redditus cum pertinenciis in villa de
52 161 1092 230 Flore ex assignacione abbatis Sancti lacobi extra Norhamton et cuiusdam Hawysie de Keynes custodum quarundam
52 198 1116 261 partium terre predicti Iohannis in allocacione tocius dotis ea contingentis etc. post mortem predicti Roberti quondam viri
58 235 921 292 in comitatu isto, vnde se tenuit contentam. Et hoc paratus est verificare, et petit iudicium etc.
54 264 1118 320 Et Matillis dicit quod cum predictus Iohannes nititur ipsam precludere de dote sua nunc petita asserendo ipsam recepisse pre
62 294 1082 351 dictas quinquaginta solidatas redditus in Flore pro tota dote ipsam contingente de libero tenemento quod fuit predicti
60 323 1092 380 Roberti quondam viri sui idem Iohannes hoc dicere non potest. Dicit reuera quod ipsa post mortem predicti Robert viri
67 355 1113 409 sui tulit breue de dote in curia domini E. regis patris domini regis nunc coram justiciariis suis de Banco termino Sancti Hillari
70 387 1116 441 anno regni sui decimo septimo versus predictum Iohannem et peciit versus eum medietatem sex marcatarum redditus
68 415 1115 475 cum pertinenciis in predicta villa de Flore que tenentur in socagium. Peciit eciam versus Theobaldum de Gayton custodem
67 451 1098 510 ipsius Iohannis terciam partem decem solidatarum redditus cum pertinenciis in eadem villa de Flore. Quas quidem medietatem et
68 480 1114 526 tertiam partem ipsa recuperauit versus cos singillatim per judicium eiusdem curie regis, et quas ipsa modo tenet virtute
69 508 1095 554 eiusdem iudicii tanquam dotem ipsam contingentem de eisdem tenementis in Flore. Et ho pretendit verificare per recordum
66 538 1092 589 rotulorum eorundem iusticiariorum de Banco de tempore predicto. nde petit iudicium si ipsa de dote sua nunc petita per hoc
68 569 1113 620 precludi debeat. --- Et Iohannes bene cognouit predictum iudicium redditum fuisse versus ipsum et predictum Theobaldum
76 601 1103 653 custodem suum. Et dicit quod iudicium illud nunquam extitit executum etc. set predicta Matillis relicta execucione judicii
74 632 1105 683 illius postea venit in patria et per conuencionem factam inter ipsam et predictos Iohannem et Theobaldum custodem suum rece
76 664 1094 717 pit predictas quinquaginta solidatas redditus in Flore pro tota dote sua ipsam contingente de residuo liberi tenementi
76 697 1113 750 quod fuit predicti Roberti quondam viri sui. Et hoc pretendit verificare per patriam. Vnde petit judicium si ad verificacionem
83 743 401 776 quam pretendit admitti non debeat.
87 757 1107 809 Et Matillis dicit quod predictus Iohannes ad aliquam verificacionem patrie non est admittendus in hoc casu maxime
87 792 1111 840 cum ipse cognoscat predictum iudicium fuisse versus eum et predictum Theobaldum custodem suum redditum et ipsam Matillidem
88 828 1102 873 esse seisitam de predicta dote sua ipsam contingente de predictis tenementis in Flore, nec idem Iohannes aliquod factum
88 861 1117 904 speciale ostendat de conuencione predicta extra curiam facta. Et ex quo idem Iohannes non dedicit quin vir
86 894 1104 937 suus obit seisitus vt de feodo postquam ipsam desponsauit de tenemento nde ipsa nunc petit dotem precise
88 923 1101 968 petit iudicium et seisinam sibi adiudicari. Et quia predictus Iohannes filius Roberti superius cognouit predictum iudicium
90 959 1098 1001 de predicto redditu quadraginta solidorum uersus se ipsum redditum vt tenentem in socagio et uersus predictum
87 986 1116 1034 Theobaldum de predictus tribus solidatis et quatuor denaratis redditus vi custodem tenencie militaris nec affir
90 1014 1082 1062 mat in predictis abbate et Hawysia aliquem statum de predicto redditu per quod is vt custodibus vel alio modo aliquam
88 1042 1102 1103 assignacionem dotis prefate Matillidi facere potuissent nec aliquid de conuencione predicta curie ostendat. pre
86 1084 1097 1133 missis consideratis et aliis videtur curie quod predicta verificacio non est admittenda. Nec idem Iohannes filius Roberti
89 1119 1113 1162 aliquid aliud dicit etc. Ideo consideratum est quod predicta Matillis recuperet inde seisinam suam de dote sua predicta
88 1156 1113 1195 in predictis villis versus prefatum Iohannem. Et idem Iohannes in misericordia.  Et predicta Matillis petit dampna sibi audiu
83 1188 1109 1229 dicari o quod predictus Robertus quondam vir etc. obit seisitus de tenementis predictis etc. Et quia non potest liqueri curie
85 1224 1114 1264 si predictus Robertus obiit seisitus de tenementis predictis necne, preceptum est vicecomiti quod venire faciat hic die Lune proxima
90 1255 1113 1295 post festum Sancti Andre Apostoli .xij. etc. per quos etc. et qui nec etc. ad recognoscendum etc. Postea ad diem illum
90 1287 1122 1332 venit predicta Matillis, et similiter iuratores, qui dicunt super sacramentum suum quod predictus Robertus quondam vir etc. obit
89 1318 1110 1367 seisitus de predictis quadraginta solidatis redditus et redditu duarum gallinarum cum pertinenciis in predictis villis
90 1352 1115 1399 et quod predicta Matillis habuit dampna occasione detenticionis dotis sue predicte ad valenciam tresdecim
93 1385 713 1430 marcarum. Ideo predicta Matillis recuperet versus um dampna predicta etc.
