1130 740
7 12 1092 78 Thomas le Corour de Knottyngg captus per appellum Galfridi de Wodhulle probatoris et clerici conuicti
27 40 1109 113 de o quod idem Thomas ipsum probatorem receptauit et quendam Iohannem filium Philippi le Longe de Rothewell similiter
22 78 1106 147 probatorem et clericum conuictum et emit ab eis duas vaccas et sex bouiculos pro .xxx. solidis vnde idem Galfridus
24 115 1111 182 habuit .xilij. solidos sciens predicta aueria esse furata.  -- et de eo quod dem Thomas parcum comitis Lancastrie de
153 137 682 186 die Dominica proxima ante festum Sancti Dunstani anno regni regis nunc tercio
28 156 1104 212 Hegham Ferers fregit et num bouiculum lordani le Mareschal precil .v. solidorum inuentum in eodem felonice furatus fuit,
25 193 1094 250 et eciam num bouiculum Henrici Pentyn precii .v. solidorum in eodem parco inuentum felonice furatus fuit -- et similiter
18 230 1110 283 vnam vaccam Iohannis le Selereresman et vnam vaccam Ricardi de Bodenho in dicto parco inuentas furatus
26 264 1101 317 fut et abduxit, nde indictatus est coram iusticiariis hic etc., venit et allocutus qualiter se velit de feloniis
29 301 1079 350 predictis acquietare defendit omnem vim, feloniam, et quicquid est contra pacem etc. et quod in nullo est inde
33 341 1094 386 culpabilis de bono et malo ponit se super patriam. Et iuratores hundredi de Hegham dicunt super sacramentum sum
32 379 1101 424 quod predictus Thomas culpabilis est de predictis latrociniis sibi impositis. Ideo ipse etc. Catalla eius .lij. s. .ij. d., vnde
27 414 1111 458 vicecomes respondeat. Idem Thomas habuit terram, scilicet vnum mesuagium et vnam acram terre in Knottyng in comitatu Bedeford
29 452 1111 493 que valent per annum .ij. s., vnde vicecomes Bedeford respondeat. Et de vasto terre eiusdem . Xx. S., vnde idem vicecomes Bedeford respondeat. Idem
125 466 267 500 vnam dimidiam acram
18 484 1094 527 Thomas habuit terre apud Newton in comitatu isto que valet per annum .vj. d., nde vicecomes istius comitatus respondeat. Et nichil
24 516 1107 559 de exitibus medii temporis quia infra annum etc. Postea testatum est per iuratores quod predicts Thomas habit quinque solidatas
18 553 1083 591 redditus per annum in villa de Ocle in comitatu Bedford, vnde vicecomes Bedford respondeat. Et eciam testatum est per eosdem quod predictus Thomas
20 583 1097 622 habit terram in eadem villa et plura catalla que regi etc. Ideo preceptum est vicecomiti Bedford quod per sacramentum etc. diligenter inquirat
16 613 1088 653 que bona etc. et inquisicionem etc. habeat coram iusticiariis hic etc. die Mercurii proxima post festum Sancte Katerine virginis sub
15 642 1097 682 sigillo suo et sigillis etc. Idem Thomas habuit plura catalla, videlicet .rij. S., vnde Thomas Wake vicecomes respondeat. Postea
12 670 1099 706 venit Ricardus Chamberleyn capitalis dominus predicte dimidie acre terre que fuit predicti Thome in Newton et fecit finem cum domino rege pro
15 692 720 732 ingress habendo in eadem per .xij. denarios. Et dictum est vicecomiti quod amoueat manum etc.
