1139 978
-2 4 1090 83 ¶Simon Malore de Wynewyk summonitus fuit ad respondendum Galfrido de Cornubia et Margarete vori eius de placito
7 40 1115 113 quod reddat eis Petrum filium et heredem Ricardi Malore cuius custodia ad ipsos Galfridum et Margaretam pertinet eo quod predictus
4 76 1113 143 Ricardus terram suam de eis tenuit per seruicium militare etc. Et vnde idem Galfridus et Margareta per Iohannem de Braun
5 109 1102 174 feld attornatum ipsius Margarete dicunt quod cum predictus Ricardus tenuisset de eis manerium de Lichebarewe cum pertinencis
1 142 1105 207 per homagium fidelitatem et seruicium militare scilicet ad scutagium domini regis quadraginta solidorum cum acciderit triginta
8 173 1096 236 solidos et ad plus plus et ad minus minus de quibus seruiciis idem Galfridus et Margareta seisiti fuerunt per manus
229 212 446 247 et obiit in homagio suo
6 202 1113 264 predicti Ricardi patris predicti Petri et ea racione ad ipsos pertinet custodia predicti heredis predictus Simon eum eis iniuste deforciat.
3 234 1049 295 Vnde dicunt quod deteriorati sunt et dampnum habent ad valenciam viginti librarum. Et inde producunt sectam etc.
4 263 1095 323 Et Simon per Willelmum de Holcote attornatum suum venit et defendit vim et iniuriam quando etc. Et dicit quod ad ipsum et non
9 293 1079 353 ad predictos Galfridum et Margaretam pertinet custodia predicti heredis. Quia dicit quod predictus Ricardus pater predicti heredis
8 322 1112 380 tenuit de ipso Simone decem mesuagia et quinque virgatas terre cum pertinencis in Wynewyk per homagium fidelitatem et
11 351 1093 408 seruicium militare scilicet ad scutagium domini regis quadraginta solidorum cum acciderit quatuor solidos et sex denarios
7 380 1111 438 et ad plus plus et ad minus minus de quibus serviciis predictus Simon fuit seisitus per manus predicti Ricardi et obiit in homagio suo etc. Et dicit quod
10 409 1114 467 idem Ricardus et antecessores sui tenuerunt predicta tenementa in Wynewyk de ipso Simone et antecessoribus suis de antiquiori
9 439 1114 499 feoffamento per seruicium militare quam predictus Ricardus vel antecessores sui tenuerunt predictum manerium de Lichebarewe
492 476 571 505 Galfridi
16 472 1060 525 de predictis Galfrido et Margareta vel antecessoribus ipsius Galfridi. Et hoc paratus est verificare etc. vnde petit iudicium etc.
12 498 1098 557 Et Galfridus et Margareta dicunt quod predictus Ricardus pater predicti heredis et antecessores sui prius tenuerunt predictum
15 525 1113 585 manerium de Lychbarewe cum pertinenciis per seruicium militare de ipsis Galfrido et Margareta vt de iure ipsius Galfridi
9 555 1106 614 et de quadam Iohanna que fuit vxor Ricardi de Cornewayle curus statum in predictis seruiciis ipsi habent ex perquisito et
15 596 1094 645 eciam de quodam Hugone de Mortymer cuius statum eadem Iohanna quondam habuit in eisdem seruiciis et de antecessoribus
15 635 1116 675 eiusdem Hugonis quam de antecessoribus predicti Simonis sicut idem Simon dicit. Et hoc petit quod inquiratur per patriam. Et Simon
17 668 1112 707 similiter. Ideo preceptum est vicecomiti quia predictum manerium de Lichebarewe est infra hundredum de Falleslegh et predicta tenementa in
19 698 1097 738 Wynewyk sunt in hundredo de Guldesburgh quod venire faciat hic die louis proximo ante festum Sancte Katerine de vtroque
19 732 1114 769 hundredo . xij. etc. per quos etc. et qui nec etc. ad recognoscendum etc. quia tam etc. Ad quem diem venerunt predictus
18 761 1110 802 Simon et eciam predicti Galfridus et Margareta per Iohannem de Braunfeld attornatum ipsius Margarete. Et iidem Galfridus
14 795 1113 835 et Margareta bene cognouerunt quod predictus Ricardus pater predicti heredis et eius antecessores tenuerunt predicta tenementa in Wynewyk
19 824 1094 866 de predicto Simone et antecessoribus suis de antiquiori feoffamento quam predictum manerium de Lichebarewe de ipsis
18 854 1108 897 Galfrido et Margareta vel eorum antecessoribus vel de antecessoribus corum quorum statum idem Galfridus et Margareta modo
17 885 1099 932 habent. Et ideo consideratum est quod predictus Simon eat inde sine die. Et predicti Galfridus et Margareta nichil capiant per breue
20 915 390 955 suum set sint in misericordia pro falso clamore etc.
