1090 954
2 19 1074 58 Assisa venit recognitura si Laurencius filius Laurencii de Preston chiualer iniuste etc. disesiuit Elyam
7 60 1088 101 filium Humfridi Cut de libero tenemento suo in Preston iuta Norhamton post primam etc. Et vnde queritur quod disseisiuit
7 95 1064 140 eum de quodam proficuo capiendo pro custodia parci de Preston et bosci vocati Harnho et duarum culturarum
743 124 830 160 capiendo
7 134 1066 181 que vocantur Harnho Stokkyng et vnius culture vocate la Hale scilicet vnum denarium et obolum singulis
10 177 1073 226 diebus anni pro victualibus suis et decem solidos vel vnam robam preci decem solidorum ad Natale Domini singulis
12 218 1083 265 annis etc. Et pro titulo liberi tenementi in hac parte etc. dicit quod quidam Laurencius dominus de Preston miles pater
13 256 1070 308 predicti Laurencii cuius heres ipse est dedit concessit et carta sua confirmauit cuidam Humfrido
10 300 1073 354 de Benyngfeld patri predicti Elie cuius heres ipse est custodiam parci sui de Preston et bosci vo
11 329 1083 386 cati Harnho et duarum culturarum terre cum pertinenciis que vocantur Harnho Stokkyng et vnius culture
16 370 1051 425 vocate la Hale etc. habendam et tenendam eidem Humfrido et heredibus suis de corpore suo legitime procreatis etc.
8 401 1068 464 Et concessit pro se et heredibus suis et assignatis quod idem Humfridus et heredes sui de corpore suo legitime procreati
5 436 1087 501 per manus suas seu heredum suorum balliuorum seu assignatorum in manerio de Preston qui pro tempore fuerunt percipient quolibet
13 475 1086 537 die ad victualia sua num denarium et obolum et quolibet anno decem solidos vel vnam robam precii decem solidorum quolibet
9 508 1072 572 anno ad Natale Domini etc. et quod predictus Laurencius et heredes seu assignati sui in quorumcumque manus manerium de
11 544 1074 604 de Preston cum pertinencis imposterum deuenerit seu parcus predictus custodiam predictam in forma predicta predicto Humfrido et heredibus
13 583 1075 637 suis predictis warantizabunt etc. Et profert cartam predicti Laurencii que hoc idem testatur etc. Vnde dicit quod ipse sei
14 621 1056 675 situs fuit de proficuo predicto vt de libero tenemento capiendo in forma predica quousque predictus Laurencius ipsum iniuste disseisiuit. Et hoc petit
11 660 243 700 quod inquiratur per assisam etc.
10 699 1057 748 Et Laurencius non venit set quidam Iohannes de Helpiston respondit pro e tanquam eius balliuus etc. et pro ipso vt tenente etc.
15 731 1065 784 dicit quod non tenetur ei ad hoc breue respondere. Quia dicit quod cum predictus Elias se questus sit disseisiri de predicto proficuo annu
18 766 1075 820 atim capiendo de manerio de Preston etc. quidam Henricus le Feuere tenet de eodem manerio vnum mesuagium et medieta
22 802 1052 850 tem vnius virgate terre cum pertinenciis et Gilbertus Robyn num mesuagium et medietatem vnius virgate terre cum pertinenciis de eodem
18 832 1066 884 manerio et tenuerunt die impetracionis breuis etc. videlicet duodecimo die Maii vltimo preterito qui quidem Henricus et Gilbertus
20 859 1054 917 non nominantur in breui. Et petit iudicium etc. Et predictus Elias hoc non potest dedicere. Ideo consideratum est quod predictus
23 893 991 948 Elyas nichil capiat per breue etc. set sit in misericordia pro falso clamore etc. Et predictus Laurencius inde sine die etc.
