1151 1935
9 8 1110 81 Robertus filius Iacobi de Haselbech petit versus Adam Astel vnam virgatam terre cum pertinencis in Haselbech vt jus et heredi
17 45 1133 114 tatem suam et in quam jdem Adam non habet ingressum nisi post dimissionem quam Iohannes le Clerk de Haselbech
17 87 1131 151 auus predicti Roberti cuius heres ipse est inde fecit Willelmo de Haselbech ad terminum qui preteriit et que post terminum
20 128 1124 188 illum ad prefatum Robertum reuerti debet etc. Et vnde jdem Robertus dicit quod predictus Iohannes auus etc. de predicta
22 168 1129 225 terra fuit seisitus in dominico suo vt de feodo et jure tempore pacis tempore H. regis proaui domini regis nunc capien
21 206 1123 262 do inde explecia ad valenciam etc. Et de predicto Iohanne descendit jus etc. cuidam Iacobo vt filio et heredi. Et de
29 243 1124 300 ipso Iacobo descendit jus etc. isti Roberto qui nunc petit vt filio et heredi etc. Et in que etc. Et inde producit
29 298 141 337 sectam etc.
29 320 1139 371 Et Adam venit et defendit jus suum quando etc. Et petit quod predictus Robertus ostendat Curie si quod factum habeat speciale
29 354 499 404 de predicta dimissione facta ad terminum qui preteriit etc.
34 388 1125 439 Et jdem Robertus nichil inde ostendit nec aliquid aliud dicit nisi quod ipse paratus est illam dimissionem per pa
41 429 233 470 triam verificare etc.
39 459 1125 511 Et Adam dicit quod jdem Robertus ad aliquam verificacionem patrie in casu isto admitti non debet. quia dicit
43 495 1128 545 quod predictus Iohannes quem jdem Robertus per breue suum supponit dimissionem predictam fecisse predicto Willelmo ad terminum
38 534 1106 578 qui preteriit per cartam suam dedit predictam terram predicto Willelmo et heredibus suis in feodo tenendam imperpetuum. Et
42 567 1108 613 profert eandem cartam que donum illud in feodo factum testatur. Et petit judicium si jdem Robertus contra factum predicti
51 599 1115 648 Iohannis aui sui cuius heres ipse est accionem habere possit etc. desicut jdem Robertus de dimissione facta ad
52 637 1103 683 terminum nichil ostendit etc. Ita quod pendente inde inter eos placito vt de die in diem vsque diem Lune
51 670 1129 722 proximam post festum Purificacionis Beate Marie veniunt partes predicte. Et jdem Robertus predictam verificacionem patrie vt prius pretendens
59 704 1113 754 dicit vlterius quod inter predictos Iohannem et Willelmum super predicta dimissione conuenit quod idem Iohannes soluere tenebatur
58 740 1112 790 predicto Willelmo viginti et octo marcas certis terminis in quodam scripto inter eos indentato contentis soluendas pro
61 771 1119 823 quibus denaris jdem Iohannes ipsum Willelmum de predicta terra et de quibusdam alis tenementis in seisinam posuit tali condicione
63 807 1107 855 tenendis quod si jdem Iohannes aut heredes sui soluerent predicto Willelmo aut heredibus suis predictos denarios terminis
62 844 1106 894 prenotatis quod tota terra et tenementa predicta prefato Iohanni et heredibus suis quiete reuerterentur et quod quedam carta pro se
64 879 1113 931 curitate termini predicti inde confecta et ad manus Prioris Sancti Bartholomei London tradita custodienda prefato
67 913 1112 968 Johanni liberaretur et si in solucione dicte peccunie ad aliquem terminum defecerit dicta terra cum pertinenciis prefato Willelmo et
70 945 1097 998 heredibus suis imperpetuum remaneret. Et dicit quod idem Iohannes predictos denarios terminis predictis totaliter
68 979 1108 1030 persoluebat iuxta conuencionem predictam. Et hoc paratus est verificare per patriam vt prius. Et profert parte
70 1016 743 1059 predicti scripti indentati que conuencionem illam testatur etc. vnde petit iudicium etc.
68 1047 1122 1103 Et Adam dicit quod predictus Robertus ad illam verificacionem patrie ad presens attingere non debet quia dicit quod cum
74 1078 1129 1134 quesitum fuisset ab eodem si aliquod factum dimissionem predictam ad terminum factam testificans habuisset nichil inde
76 1103 124 1138 tunc
66 1112 1117 1169 ostendebat nisi tantum verificacionem patrie que vt premittitur contra cartam antecessoris sui de iure non fuit nec est ad
76 1144 1105 1200 mittenda. Et petit ex quo idem Robertus est heres sanguine predicti Iohannis quod ad cartam illam respondeat etc.
78 1180 1113 1230 Et idem Robertus non dedicit predictam cartam esse factum predicti Iohannis aui etc. set dicit quod per cartam illam a verificacione
80 1213 1113 1266 patrie quam superius pretendebat repelli non debet. Quia dicit quod per cartam illam predictus Willelmus nuncquam aliquem
83 1251 1108 1302 statum habuit in predicta terra nec seisina e inde per cartam illam vncquam extitit liberata immo ad terminum qui
81 1287 1019 1333 preteriit virtute predicti scripti indentati et non in feodo virtute carte predicte. Vnde petit judicium etc.
87 1322 1114 1375 Et Adam dicit ex quo predictus Robertus superius cognouit predictam cartam de feodo esse factum predicti Iohannis aui etc. et
92 1340 1101 1396 ad eandem euacuandam allegat seisinam predicte terre predicto Willelmo fuisse liberatam virtute predicti scripti indentati et
90 1376 1123 1435 eciam quod predicti denari soluti fuerunt terminis predictis et nullam acquietanciam de solucione illa pretendit petit judicium
344 1394 769 1444 que testatur solucionem predictorum denariorum fuisse factam etc.
87 1415 652 1454 si ad talem allegacionem sine acquietancia admitti debeat etc.
90 1451 1113 1498 Et Robertus dicit quod eidem Ade qui nec est heres nec executor predicti Willelmi immo omnino extraneus non
91 1481 1120 1540 habet necesse aliquam acquietanciam inde ostendere cum ipse paratus sit per patriam verificare solucionem predictorum denariorum
94 1515 1112 1571 plenarie factam fuisse predicto Willelmo apud Haselbech per quod seisina predicta tunc fuit adnullata per formam
675 1545 763 1580 necessario
944 1552 1128 1593 recusat et petit judicium etc.
94 1552 1102 1613 conuencionis predicte. Vnde videtur ei quod verificacio patrie in hoc casu est admittenda quam verificacionem idem Adam admittere
90 1589 1114 1655 Et Adam dicit quod quamuis ipse sit extraneus predicto Willelmo tamen ipse est tenens predicte terre racione cuius eodem
94 1621 1126 1692 beneficio juris in casu isto gaudere debet quali predictus Willelmus gauderet. Set ad hoc quod predictus Iohannes dum
97 1657 1113 1726 vixit se monstrare poterit fore quietum versus predictum Willelmum de predicto debito oporteret ipsum acquietancias osten
94 1694 1106 1762 dere vnde petit judicium si jdem Robertus sine acquietancia ad verificacionem patrie quam pretendit contra te
98 1733 1093 1793 norem predicti scripti indentati quod est mere obligatorium admitti debeat etc. Dies datus est eis de
95 1764 1095 1830 audiendo inde judicio suo hic a die Pasche in . xv. dies saluis partibus hine inde racionibus suis etc. Ad
94 1802 1118 1869 quem diem venit predictus Adam et optulit se versus predictum Robertum de predicto placito. Et ipse non venit. Et fuit petens.
93 1839 1117 1904 Ideo consideratum est quod predictus Adam eat inde sine die et predictus Robertus et plegii sui de prosequendo in misericordia. Que
98 1875 308 1910 rantur nomina plegiorum etc.
