1113 708
12 38 1084 54 Willelmus Malcher de Falkeleue petit versus Iohannem filium Willelmi Harry de Braundeston vnum mesuagium septem
22 74 1076 97 acras terre et medietatem vnius acre prati cum pertinencis in Braundeston que vna cum alis duobus mesuagis
26 111 1088 133 quadraginta acris terre et duabus acris prati et dimidia cum pertinenciis in eadem villa Ricardus Godefrey de Braun
28 146 1083 171 deston capellanus dedit Rogero de Falkeleue in liberum maritagium cum Mariota consanguinea eiusdem Ricardi et
28 181 1095 207 que post mortem predictorum Rogeri et Mariote et Agnetis filie et vnius heredum predictorum Rogeri et Mariote que illa tenuit in
24 218 1082 239 propartem ipsam de predictis tribus mesuagis quadraginta et septem acris terre et tribus acris pratiper particionem inter
24 252 1081 270 ipsam Agnetem et Emma et Matillidem sorores eiusdem Agnetis filias et alteras heredum predictorum Rogeri et Mari
24 287 1081 305 ote inde factam contingentem prefato Willelmo filio et heredi predicte Agnetis descendere debent per formam dona
22 306 981 325 predictus Ricardus Godefrey dedit predicta tenementa cum pertinenciis vna etc. predicto Rogero in liberum maritagium cum predicta Mariota. Per quod donum
21 327 1080 343 cionis predicte etc. Et vnde idem Willelmus dicit quod ijdem Rogerus et Mariota seisiti fuerunt de inte
18 364 1086 381 gro tenementorum predictorum per formam donacionis --- etc. tempore pacis tempore domini E. regis aui domini regis nunc
21 401 1077 418 capiendo inde etc. ad valenciam etc. Et de predictis Rogero et Mariota descendit ius etc. predictis Agneti Emme et Ma
20 441 1079 458 tillidi vt filiabus et heredibus etc. Et de predicta Agnete descendit ius propartis sue predicto Willelmo qui nunc etc. vt filio
23 481 557 500 et heredi etc. et que etc. Et inde producit sectam etc.
18 510 1089 533 Et Iohannes filius Willelmi venit et defendit ius suum quando etc. et dicit quod predictus Willelmus nichil iuris clamare potest in predictis
25 551 1086 566 tenementis etc. quia dicit quod predictus Ricardus dedit tenementa predicta predictis Rogero et Mariote in feodo simplici et non
26 588 1088 605 in liberum maritagium sicut idem Willelmus per breue suum supponit. Et de hoc ponit se super patriam. Et predictus
25 625 1085 648 Willelmus similiter. Ideo preceptum est vicecomiti quod venire faciat hic die Sabati proximo post festum Sancti Nicholai . xij. etc. per quos
26 660 511 673 etc. Et quinec etc. ad recognoscendum etc. quia tam etc.
