1139 978
-2 13 1090 77 ¶Simon Malore de Wynewyk summonitus fuit ad respondendum Galfrido de Cornubia et Margarete vori eius de placito
7 49 1115 107 quod reddat eis Petrum filium et heredem Ricardi Malore cuius custodia ad ipsos Galfridum et Margaretam pertinet eo quod predictus
4 85 1113 137 Ricardus terram suam de eis tenuit per seruicium militare etc. Et vnde idem Galfridus et Margareta per Iohannem de Braun
5 118 1102 168 feld attornatum ipsius Margarete dicunt quod cum predictus Ricardus tenuisset de eis manerium de Lichebarewe cum pertinencis
1 151 1105 201 per homagium fidelitatem et seruicium militare scilicet ad scutagium domini regis quadraginta solidorum cum acciderit triginta
7 182 1096 230 solidos et ad plus plus et ad minus minus de quibus seruiciis idem Galfridus et Margareta seisiti fuerunt per manus
229 224 446 241 et obiit in homagio suo
6 211 1113 258 predicti Ricardi patris predicti Petri et ea racione ad ipsos pertinet custodia predicti heredis predictus Simon eum eis iniuste deforciat.
3 243 1049 289 Vnde dicunt quod deteriorati sunt et dampnum habent ad valenciam viginti librarum. Et inde producunt sectam etc.
4 272 1095 317 Et Simon per Willelmum de Holcote attornatum suum venit et defendit vim et iniuriam quando etc. Et dicit quod ad ipsum et non
9 302 1079 347 ad predictos Galfridum et Margaretam pertinet custodia predicti heredis. Quia dicit quod predictus Ricardus pater predicti heredis
8 331 1112 374 tenuit de ipso Simone decem mesuagia et quinque virgatas terre cum pertinencis in Wynewyk per homagium fidelitatem et
11 360 1093 402 seruicium militare scilicet ad scutagium domini regis quadraginta solidorum cum acciderit quatuor solidos et sex denarios
7 389 1111 432 et ad plus plus et ad minus minus de quibus serviciis predictus Simon fuit seisitus per manus predicti Ricardi et obiit in homagio suo etc. Et dicit quod
10 418 1114 461 idem Ricardus et antecessores sui tenuerunt predicta tenementa in Wynewyk de ipso Simone et antecessoribus suis de antiquiori
9 448 1114 493 feoffamento per seruicium militare quam predictus Ricardus vel antecessores sui tenuerunt predictum manerium de Lichebarewe
492 488 571 499 Galfridi
16 481 1060 519 de predictis Galfrido et Margareta vel antecessoribus ipsius Galfridi. Et hoc paratus est verificare etc. vnde petit iudicium etc.
12 507 1098 551 Et Galfridus et Margareta dicunt quod predictus Ricardus pater predicti heredis et antecessores sui prius tenuerunt predictum
15 534 1113 579 manerium de Lychbarewe cum pertinenciis per seruicium militare de ipsis Galfrido et Margareta vt de iure ipsius Galfridi
9 565 1106 608 et de quadam Iohanna que fuit vxor Ricardi de Cornewayle curus statum in predictis seruiciis ipsi habent ex perquisito et
15 605 1094 639 eciam de quodam Hugone de Mortymer cuius statum eadem Iohanna quondam habuit in eisdem seruiciis et de antecessoribus
15 644 1116 669 eiusdem Hugonis quam de antecessoribus predicti Simonis sicut idem Simon dicit. Et hoc petit quod inquiratur per patriam. Et Simon
17 677 1112 701 similiter. Ideo preceptum est vicecomiti quia predictum manerium de Lichebarewe est infra hundredum de Falleslegh et predicta tenementa in
19 707 1097 732 Wynewyk sunt in hundredo de Guldesburgh quod venire faciat hic die louis proximo ante festum Sancte Katerine de vtroque
19 741 1114 763 hundredo . xij. etc. per quos etc. et qui nec etc. ad recognoscendum etc. quia tam etc. Ad quem diem venerunt predictus
18 770 1110 796 Simon et eciam predicti Galfridus et Margareta per Iohannem de Braunfeld attornatum ipsius Margarete. Et iidem Galfridus
14 804 1113 829 et Margareta bene cognouerunt quod predictus Ricardus pater predicti heredis et eius antecessores tenuerunt predicta tenementa in Wynewyk
19 833 1094 860 de predicto Simone et antecessoribus suis de antiquiori feoffamento quam predictum manerium de Lichebarewe de ipsis
18 863 1108 891 Galfrido et Margareta vel eorum antecessoribus vel de antecessoribus corum quorum statum idem Galfridus et Margareta modo
17 894 1099 926 habent. Et ideo consideratum est quod predictus Simon eat inde sine die. Et predicti Galfridus et Margareta nichil capiant per breue
20 924 390 949 suum set sint in misericordia pro falso clamore etc.
