1099 701
11 25 1054 77 Assisa venit recognitura si Conus prior Sancti Andree Norhamton Gilbertus de Etewell et Matillis que fuit vor Roberti de Veer
8 53 1075 104 iniuste etc. disseisiuerunt Laurencium de Preston de libero tenemento suo in Haclyngton iuxta Horton post primam etc. Et vnde queritur
4 88 686 137 quod disseisiuerunt eum de redditu vnius pelicii precii quadraginta denariorum cum pertinenciis etc.
5 117 1063 172 Et predicti Gilbertus et Matillis non veniunt set quidam Simon Thebaud venit et respondet pro eis tanquam corum balliuus Et
5 153 1080 204 dicit quod ipsi nichil habent in predicto redditu nec aliquam inde fecerunt iniuriam seu disseisinam et de hoc ponunt se super assisam etc.
9 188 1061 241 Et prior per predictum Simonem attornatum suum venit et respondet vt tenens vnam virgatam terre cum pertinenciis in Hakelyntone positam in
13 223 1074 274 visu vnde predictus Laurencius dicit predictum redditum deberi et dicit quod assisa non debet inde fieri. Quia dicit quod quidam
11 261 1052 311 Gilbertus de Preston auus predicti Laurencii cuius heres ipse est concessit et carta sua confirmauit Deo et ecclesie Sancti
13 298 1071 343 Andree Norhamton et monachis ibidem Deo serientibus in liberam puram et perpetuam elemosinam predictam virgatam terre cum
13 333 1063 379 pertinenciis et eciam omnia tenementa que dicti monachi habuerunt ex donacione antecessorum suorum libera et quieta ab omni
18 369 1083 412 seruicio et exactione seculari. Et profert quamdam cartam sub nomine dicti Gilberti quod hoc idem testatur et petit iudicium
19 404 988 445 si predictus Laurencius contra factum predicti Gilberti aui etc. aliquem redditum de predicta terra exigere possit etc.
21 439 1063 479 Et idem Laurencius quesitus per iusticiarios an clamat predictum redditum tanquam seruicium vel redditum oneratum dicit quod
23 475 1074 511 tanquam redditum seruicium de quo tam Gilbertus auus etc. Laurencius pater eiusdem Laurencii et idem Laurencius
23 509 1075 544 quam eciam Walterus pater dicti Gilberti et Michael pater eiusdem Walteri et eorum antecessores a tempore quo non extat
26 543 1063 577 memoria semper seisiti fuerunt de redditu predicto et similiter idem Laurencius seisitus fuit de eodem redditu ut de
33 580 1027 608 libero tenemento suo quousque predictus prior et alii ipsum inde iniuste disseisiuerunt prout paratus est verificare per assisam. Et petit
28 618 1081 643 iudicium si ad cartam predictam necesse habeat respondere etc. Postea predictus Laurencius non est prosecutus. Ideo predicti prior et
34 655 1057 675 alii inde sine die et predictus Laurencius et plegii sui de prosequendo in misericordia scilicet Willelmus Blok et Simon le Reue etc.
