1140 225
-1 11 1125 59 Iohannes de Carleton captus fuit pro morte Radulphi Parleben apud Multon felonice interfecti et liberatus in custodia
3 46 1128 97 Iohannis de Wyleby tunc vicecomitis Northamton qui a custodia eiusdem felonice euasit. Ideo ad iudicium de euasione ipsius Iohannis
5 79 1109 130 de Carleton super Robertum de Wileby filium et heredem predicti Iohannis, Et postquam sic euasit posuit se in ecclesia Sancti
6 119 1129 163 Botholphi de Brampton et ibidem recognouit se interfecisse predictum Radulphum et abiurauit regnum Anglie coram coronatore. Catalla eius
2 148 1103 188 vj. d. vnde vicecomes respondeat. --- Postea compertum est per rotulos coronatoris quod predictus Iohannes recognouit se fregisse prisonam castri Northamton
3 171 1126 218 et ab eadem felonice euasisse tempore Nicolai de Segrave tunc constabularii castri Northamton etc. Ideo ad iudicium de euasione ipsius Iohannis super
6 187 524 224 tenentes terras eiusdem Nicolai, et nichil de euasione super dictum Robertum etc.
