1148 586
6 21 1137 67 Robertus filius Simonis de Twyford petit versus Nicholaum de Pyrie de Touecestre et Iohannam vxorem eius septem acras
20 62 1138 101 terre et dimidiam et vnam acram prati cum pertinencis in Touecestre quas Iohannes filius Galfridi de Burcote dedit Simoni de Twy
21 95 1138 136 ford clerico in liberum maritagium cum Iohanna filia eiusdem Iohannis et que post mortem predictorum Simonis et Iohanne prefa
26 133 916 170 to Roberto filio et heredi eorundem Simonis et Iohanne descendere debent per formam donacionis predicte.
27 168 1132 205 Et Nicholaus et Iohanna veniunt et dicunt quod predictus Robertus nichil juris clamare potest in predictis tenementis. Quia dicunt quod predicti Si
36 199 1113 240 mon et Iohanna quibus predictus Robertus supponit predicta tenementa fuisse data in liberum maritagium habuerunt
39 231 1123 271 mon et Iohanna quibus predictus Robertus supponit predicta tenementa fuisse data in liberum maritagium habuerunt
32 265 1125 305 Iohanne successit eis in eisdem tenementis vt filius et heres etc. Et de predictis tenementis feoffauit predictos Nicholaum et Iohannam vxorem eius
43 296 1126 339 tendendo eisdem Nicholao et Iohanne et heredibus ipsius Nicholai et obligauit se et heredes suos ad warantizandum predicta tenementa
46 330 1124 371 eisdem Nicholao et Iohanne et heredibus ipsius Nicholai imperpetuum. Et proferunt cartam predicti Hugonis que hoc idem testatur
43 364 1134 406 etc. Et dicunt quod idem Robertus frater et heres predicti Hugonis satis habuit per decensum hereditarium de ipso Hugone in feodo
45 397 1127 438 simplici in eadem villa. Et hec pretendunt verificare et petunt judicium etc. Et predictus Robertus non dedicit quin predictum
45 427 1122 470 scriptum sit factum predicti Hugonis fratris etc. sed dicit quod ipse nuncquam aliquid habuit per decensum hereditarium in feodo sim
52 461 1125 503 plici de predicto Hugone sicut predicti Nicholaus et Iohanna dicunt. Et hoc petit quod inquiratur per patriam. Et Nicholaus
53 493 1133 539 et Iohanna similiter. Ideo preceptum est vicecomiti quod venire faciat hic die Lune proximo post octabas Sancti Hilarii . xij. etc. per quos
52 525 519 564 etc. Et qui nec etc. ad recognoscendum etc. Quia tam etc.
