1099 701
12 10 1054 84 Assisa venit recognitura si Conus prior Sancti Andree Norhamton Gilbertus de Etewell et Matillis que fuit vor Roberti de Veer
9 39 1075 111 iniuste etc. disseisiuerunt Laurencium de Preston de libero tenemento suo in Haclyngton iuxta Horton post primam etc. Et vnde queritur
5 73 686 144 quod disseisiuerunt eum de redditu vnius pelicii precii quadraginta denariorum cum pertinenciis etc.
6 102 1063 179 Et predicti Gilbertus et Matillis non veniunt set quidam Simon Thebaud venit et respondet pro eis tanquam corum balliuus Et
6 138 1080 211 dicit quod ipsi nichil habent in predicto redditu nec aliquam inde fecerunt iniuriam seu disseisinam et de hoc ponunt se super assisam etc.
10 173 1061 248 Et prior per predictum Simonem attornatum suum venit et respondet vt tenens vnam virgatam terre cum pertinenciis in Hakelyntone positam in
13 208 1074 281 visu vnde predictus Laurencius dicit predictum redditum deberi et dicit quod assisa non debet inde fieri. Quia dicit quod quidam
12 246 1052 318 Gilbertus de Preston auus predicti Laurencii cuius heres ipse est concessit et carta sua confirmauit Deo et ecclesie Sancti
14 283 1071 350 Andree Norhamton et monachis ibidem Deo serientibus in liberam puram et perpetuam elemosinam predictam virgatam terre cum
14 318 1063 386 pertinenciis et eciam omnia tenementa que dicti monachi habuerunt ex donacione antecessorum suorum libera et quieta ab omni
19 354 1083 419 seruicio et exactione seculari. Et profert quamdam cartam sub nomine dicti Gilberti quod hoc idem testatur et petit iudicium
20 389 988 452 si predictus Laurencius contra factum predicti Gilberti aui etc. aliquem redditum de predicta terra exigere possit etc.
22 424 1063 486 Et idem Laurencius quesitus per iusticiarios an clamat predictum redditum tanquam seruicium vel redditum oneratum dicit quod
24 460 1074 518 tanquam redditum seruicium de quo tam Gilbertus auus etc. Laurencius pater eiusdem Laurencii et idem Laurencius
24 494 1075 551 quam eciam Walterus pater dicti Gilberti et Michael pater eiusdem Walteri et eorum antecessores a tempore quo non extat
27 528 1063 584 memoria semper seisiti fuerunt de redditu predicto et similiter idem Laurencius seisitus fuit de eodem redditu ut de
33 565 1027 615 libero tenemento suo quousque predictus prior et alii ipsum inde iniuste disseisiuerunt prout paratus est verificare per assisam. Et petit
28 603 1081 650 iudicium si ad cartam predictam necesse habeat respondere etc. Postea predictus Laurencius non est prosecutus. Ideo predicti prior et
34 640 1057 682 alii inde sine die et predictus Laurencius et plegii sui de prosequendo in misericordia scilicet Willelmus Blok et Simon le Reue etc.
