1152 425
3 4 1122 46 Quidam Iohannes molendinarius de Sprotton noctanter venit ad molendinum suum apud Haldenby, anno regni regis
18 39 1107 77 Edwardi patris etc. quinto et inuenit quosdam Walterum le Pilede et Simonem filium Stephani de Keylmerssh burgantes
19 68 1121 110 molendinum predictum. qui quidem Walterus et Simon in ipsum Iohannem insultum fecerunt et predictus Iohannes hoc perpendens percussit
25 102 1117 143 dictum Walterum cum quodam baculo in capite quod statim inde obiit et predictum Simonem cepit et ligauit et duxit
19 132 1125 175 apud Northamton et ipsum ibidem liberauit in custodia Iohannis de Wileby tunc vicecomitis etc. Ideo respondeat tenentes terrarum etc. quo deuenit etc.
19 165 1121 209 Et iuratatores testantur quod predictus Iohannes molendinarius obiit Ideo nichil ulterius de eo. Primum inuentor obiit -- Postea
19 197 1122 245 compertum est per rotulos . Henrici Spigurnel, et sociorum suorum iusticiariorum etc. ad gaolam castri Northamton deliberandam assignatorum quod predictus
17 229 1112 278 Simon deuenit probator coram coronatore etc. et postea ductus coram eisdem iusticiariis etc. Et quesitum fuit ab eo si sequi
23 259 1124 306 voluisset appellum etc. qui dixit quod clericus fuit et non potuit sine ordinario respondere etc. per quod tanquam clericus
19 292 1121 335 conuictus liberatus fuit in custodia Nicolai de Segraue tunc constabularii castri Northamton etc. pro defectu ordinarii. Ideo
22 323 1115 365 respondeat tenentes terrarum predicti Nicolai quo deuenit etc. Et non est aliquis qui veniat responsurus pro predicto Nicholao nec compertum
20 353 1125 393 est per rotulos coronatorum quod obiit in prisona. Ideo ad iudicium de euasione ipsius Simonis super predictos tenentes etc. Et postquam
22 388 602 420 sic euasit fugit et malecreditur Ideo exigatur et vtlagetur. Nulla habuit catalla.
