1112 1098
5 39 1081 59 Assisa venit recognitura si Henricus Cappe et luliana vxor eius iniuste etc. disseisiuerunt Galfridum abbatem de Becco Herlewini de libero tenemento
10 73 1091 94 suo in Wedon Bek post primam etc. Et vnde idem abbas per Ricardum le Blound attornatum suum queritur quod disseisiuerunt eum de vno mesuagio
13 103 124 121 cum pertinenciis etc.
12 130 1087 150 Et predicti Henricus et Iuliana non veniunt set quidam Thomas de Welton respondet pro eis vt balliuus etc. et dicit quod predictus abbas iniuste tulit
17 162 1083 181 assisam istam versus eos. Quia dicit quod ipsi tenent predictum mesuagium de ipso abbate vt de iure ipsius Iuliane et per finem quam
20 192 1078 216 ipsa Iuliana fecit in curia ipsius abbatis et quod per liberacionem balliui ipsius abbatis intrauerunt in eodem mesuagio tenedo per certa ser
20 220 930 241 uicia etc. et non per disseisinam etc. Et de hoc ponunt se super assisam. Et abbas similiter. Ideo capiatur assisa etc.
15 253 1078 279 Et iuratores de consensu parcium electi dicunt super sacramentum suum quod abbas de Becco Herlewini est dominus maneri de Wedon Bek et quod pre
18 280 1079 305 dicti Henricus et Iuliana sunt tenentes manerii predicti. Et dicunt quod talis est consuetudo in manerio predicto et fuit a tempore quo non ex
23 309 1074 333 tat memoria hucusque videlicet quod post mortem cuiuslibet tenentis de eodem manerio propinquior sanguine ad tenementa illa petenda
20 340 1071 360 veniet ad curiam ipsius abbatis coram balliuo suo seu eius locum tenente et faciet finem pro ingressu habendo in eisdem tenementis ad volun
27 369 1089 388 tatem ipsius abbatis et seisinam inde optinebit per virgam ex liberacione balliui D Et quod si aliquis de tenentibus dicti abbatis velit terram
22 396 1086 418 suam dimittere alicui extraneo su aduenticio veniet ad curiam ipsius abbatis et tenens terram illam reddet sursum in manus
23 423 1086 444 domini et idem extraneus seu aduenticius illam resumet ex liberacione balliui manerii predicti per virgam tenendam secundum consuetudinem ma
23 451 1075 474 nerii predicti et per finem faciendam ad voluntatem ipsius abbatis. Et si aliquis extraneus seu aduenticius ingressus fuerit in huiusmodi
21 482 1084 502 tenementum contra voluntatem abbatis licebit eidem abbati ipsum amouere et terram illam intrare et in manu sua tenere quousque
24 512 1084 530 finem inde fecerit pro voluntate ipsius abbatis. Dicunt eciam quod nullus tenencium de manerio predicto de aliquibus tenementis infra idem
23 539 1096 561 manerium existentibus placitare debet nec vnquam placitauit per breue de recto clausum nec per breue de recto patens ad communem legem
18 569 1093 590 set tantummodo in curia ipsius abbatis ad querimoniam parcium coram balliuo ipsius abbatis sine breui. Dicunt eciam quod omnes tenentes
23 598 1093 621 manerii predicti ab antiquo talliari consueuerunt singulis annis et temporibus retroactis talliati fuerunt ad centum solidos
18 624 1105 650 vel ad vnum palefridum precii centum solidorum ad voluntatem ipsius abbatis quousque balliui ipsius abbatis postea plus exigerunt
16 655 1102 681 et leuauerunt ab eisdem de talliagio predicto pro voluntate sua iam viginti annis elapsis. Dicunt eciam quod omnes tenentes
16 682 1099 713 predicti debent facere finem cum predicto abbate pro filiabus suis maritandis et erunt prepositi ipsius abbatis per electionem tenencium
16 712 1100 741 curie sue predicte. Dicunt eciam quod predictus abbas nunc dimisit predictum manerium cum pertinencis cuidam Rogero de Belegraue tenendum
12 741 1090 773 ad terminum annorum. Qui quidem Rogerus predictum mesuagium cum pertinencis in cura ipsiusabbatis liberauit predictis Henrico et Iuliane te
15 768 1098 803 nendum sibi et heredibus ipsius Iuliane secundum consuetudinem manerii predicti per finem quem inde fecerunt cum eodem in curia predicta.
15 801 1091 836 Et iuratores quesiti si predictus Rogerus fuit balliuus ipsius abbatis potestatem habens ad curias suas tenendas et ad huiusmodi terras
9 834 1093 868 dimittendas et fines inde recipiendas dicunt quod sic. Quesiti eciam si idem abbas vel aliquis nomine suo amo
17 867 1084 898 uit predictos Henricum et Iulianam post liberacionem eis inde factam per predictum Rogerum seu intrauit in eisdem dicunt quod
21 900 1089 927 non. Quesiti eciam si predictus abbas ratum habuit factum predicti Rogeri quo ad liberacionem predictorum tenementorum dicunt quod non set quamcicius
21 932 1088 959 hoc ei constabat impetrare fecit assisam istam versus predictos Henricum et Iulianam. Et quia compertum est per assisam istam quod
23 964 1092 992 predicti Henricus et luliana intrauerunt in predicto mesuagio per liberacionem predicti Rogeri balliui ipsius abbatis habentis potestatem dicta tenementa
26 997 1095 1024 liberandi vt senescallus dicti abbatis et per finem quem cum eo fecerunt ad opus ipsius abbatis absque aliqua iniuria seu disseisina eidem
23 1030 1096 1055 abbati inde facienda consideratum est quod predictus abbas nichil capiat per assisam istam set sit in misericordia pro falso clamore et quod predicti Henricus
25 1063 291 1081 et luliana eant inde sine die.
