1113 708
12 20 1084 61 Willelmus Malcher de Falkeleue petit versus Iohannem filium Willelmi Harry de Braundeston vnum mesuagium septem
23 56 1075 104 acras terre et medietatem vnius acre prati cum pertinencis in Braundeston que vna cum alis duobus mesuagis
26 93 1087 140 quadraginta acris terre et duabus acris prati et dimidia cum pertinenciis in eadem villa Ricardus Godefrey de Braun
28 128 1082 178 deston capellanus dedit Rogero de Falkeleue in liberum maritagium cum Mariota consanguinea eiusdem Ricardi et
28 163 1095 214 que post mortem predictorum Rogeri et Mariote et Agnetis filie et vnius heredum predictorum Rogeri et Mariote que illa tenuit in
24 200 1082 246 propartem ipsam de predictis tribus mesuagis quadraginta et septem acris terre et tribus acris pratiper particionem inter
24 234 1081 277 ipsam Agnetem et Emma et Matillidem sorores eiusdem Agnetis filias et alteras heredum predictorum Rogeri et Mari
24 269 1081 312 ote inde factam contingentem prefato Willelmo filio et heredi predicte Agnetis descendere debent per formam dona
22 288 981 332 predictus Ricardus Godefrey dedit predicta tenementa cum pertinenciis vna etc. predicto Rogero in liberum maritagium cum predicta Mariota. Per quod donum
21 309 1080 350 cionis predicte etc. Et vnde idem Willelmus dicit quod ijdem Rogerus et Mariota seisiti fuerunt de inte
18 346 1086 388 gro tenementorum predictorum per formam donacionis --- etc. tempore pacis tempore domini E. regis aui domini regis nunc
21 383 1077 425 capiendo inde etc. ad valenciam etc. Et de predictis Rogero et Mariota descendit ius etc. predictis Agneti Emme et Ma
20 423 1079 465 tillidi vt filiabus et heredibus etc. Et de predicta Agnete descendit ius propartis sue predicto Willelmo qui nunc etc. vt filio
23 463 557 507 et heredi etc. et que etc. Et inde producit sectam etc.
18 492 1089 540 Et Iohannes filius Willelmi venit et defendit ius suum quando etc. et dicit quod predictus Willelmus nichil iuris clamare potest in predictis
25 533 1086 573 tenementis etc. quia dicit quod predictus Ricardus dedit tenementa predicta predictis Rogero et Mariote in feodo simplici et non
26 570 1088 612 in liberum maritagium sicut idem Willelmus per breue suum supponit. Et de hoc ponit se super patriam. Et predictus
25 607 1085 655 Willelmus similiter. Ideo preceptum est vicecomiti quod venire faciat hic die Sabati proximo post festum Sancti Nicholai . xij. etc. per quos
26 642 511 680 etc. Et quinec etc. ad recognoscendum etc. quia tam etc.
