1071 1549
6 23 1050 108 Iohannes filius Philippi de Neuille de Brampton per Philippum de Pounfrayt attornatum suum petit versus Philippum de
33 62 1050 141 Neuille de Stotton tresdecim mesuagia vnam acram et decem virgatas terre et dimidiam et quatuor libratas
33 99 1040 173 et decem denaratas reddilus et redditum vnius libre cimini cum pertinenciis in Magna Brampton et versus
29 134 1035 208 Simonem de Haldenby vnum mesuagium et duas virgatas terre cum pertinencis in eadem villa vtIus etc.
35 195 357 245 per breue de forma donacionis etc.
31 204 1058 278 Et Philippus et Simon per Willelmum de Kelleseye attornatum suum veniunt. Et alias dixerunt quod vterque eorum tenuit
37 237 1022 311 tenementa versus es separatim petita ad terminum vite ex dimissione Willelmi de Neuille et in forma illa
31 268 979 342 vocauerunt inde ipsum Willelmum ad warantum etc. Qui modo venit per summonicionem et gratis eis warantizat in forma predicta
24 302 1026 373 Et predictus Iohannes per predictum attornatum suum petit versus eum predicta tenementa cum pertinencis et dicit quod quidam Philippus de
30 336 1048 405 Neuille de predictis tenementis cum pertinenciis fuit seisitus in dominico suo vt de feodo et iure tempore pacis tempore
32 370 1046 439 H. regis proaui domini regis nunc capiendo inde explecia ad valenciam etc. qui quidem Philippus tenementa illa dedit
29 409 1031 469 cuidam Iacobo de Neuille et heredibus de corpore suo exeuntibus qui per donum illud fuit seisitus de
27 444 1032 507 predictis tenementis in dominico suo vt de feodo et Iure per formam etc. ita quod si idem Iacobus sine herede de
28 480 1056 539 corpore suo exeunte obiret predicta tenementa cum pertinenciis Radulpho fratri ipsius Iacobi etheredibus de corpore suo exeun
24 515 1026 573 tibus remanerent et si idem Radulphus sine herede de corpore suo exeunte obiret predicta tenementa cum pertinenciis
20 545 1024 610 Philippo fratri eiusdem Radulphi et heredibus de corpore suo exeuntibus remanerent et que post mortem predictorum
12 585 1024 645 Iacobi Radulphi et Philippi fratris Radulphi prefato Iohanni filio et heredi eiusdem Philippi fratris Radulphi remanere debent
14 624 1055 683 per formam donacionis predicte eo quod vterque predictorum Iacobi et Radulphi obit sine herede de corpore suo exeunte
17 676 344 714 Et inde producit sectam etc.
9 698 1048 745 Et Willelmus dicit quod cum predictus Iohannes de seisina nullius sui antecessoris petit versus eum predicta tenementa
14 735 1047 780 set tamquam extranea persona a asserens sibi fore remanenda post mortem predictorum Iacobi Radulphi et Philippi
14 771 1053 818 fratris etc. per formam donacionis predicte que per speciale factum habet ostendi et de quo idem Iohannes nichil profert
12 807 1035 856 petit Iudicium si sine specialitate responderi debeat. Et Iohannes dicit quod in curia domini H. regis proaui
18 843 1034 892 domini regis nunc apud Westmonasterium in octabis Sancte Trinitatis anno regni sui quadragesimo septimo coram
9 882 1051 930 Rogero de Thurkelby et sociis suis tunc iusticiaris ipsius domini regis de Banco leuauit quidam finis inter
11 923 1051 967 Iacobum de Neuille querentem et Philippum de Neuille impedientem de quatuordecim libratis terre cum pertinencis
24 965 1042 1002 in Magna Brampton que sunt predicta tenementa petita per quem finem idem Philippus recognouit illam terram
22 1000 1041 1039 cum pertinencis esse ius ipsius Iacobi vt illam quam idem Iacobus habet de dono predictiPhilippi habendam
23 1033 1033 1078 et tenendam eidem Iacobo et heredibus suis de corpore suo procreatis et si contingat quod predictus
13 1072 1051 1115 Iacobus obierit sine herede de corpore suo procreato tota predicta terra cum pertinencis suis remaneat Radulpho
26 1110 1026 1157 fratri ipsius Iacobi et heredibus de corpore suo procreatis et si contingat quod idem Radulphus obierit
24 1152 1031 1195 sine herede de corpore suo procreato predicta terra cum pertinencis remaneat Philippo fratrieiusdem Radulphi et
23 1186 1016 1231 heredibus de corpore suo procreatis. Et dicit quod ipse est filius eiusdem Philippi et quod virtute eiusdem finis
29 1221 930 1272 predicta tenementa ei debent remanere etc. Et profert hic partem finis predicte que hoc testatur etc.
21 1256 1048 1306 Et Willelmus dicit quod vbi predictus Iohannes filius Philippi supponit predictum Iacobum habuisse predicta tenementa de
31 1288 1050 1343 dono predicti Philippi de Neuille idem Iacobus nuncquam aliquid habit in eisdem de dono eiusdem
29 1326 1050 1378 Philippi. Et de hoc ponit se super patriam. Et Iohannes filius Philippi similiter. Ideo preceptum est vicecomiti quod venire
27 1361 1042 1413 faciat hic die Veneris in tercia septimana Quadragesime . xij. etc. per quos etc. Et qui nec etc.
32 1396 1049 1450 ad recognoscendum etc. quia tam etc. Ad quem diem predictus Willelmus optulit se versus predictum Iohannem de
24 1433 1045 1489 predicto placito. Et ipse non venit. Et fuit petens. Ideo predictus Willelmus inde sine die. Etpredictus Iohannes
29 1469 685 1522 et plegii sui de prosequendo in misericordia etc. Querantur nomina plegiorum etc.
