1091 670
27 15 1073 57 ¶ Assisa venit recognitura si Emma filia Onorii Malerbe de Norhampton, Thomas filius Simonis filii Iohannis atte Grene
26 51 1078 95 de Duston Iohannes filius Iohannis atte Grene de Duston, et Galfridus de Hoghton de Duston iniuste etc. disseisiuerunt Nicholaum
26 86 1068 135 Selyman de Flore et Aliciam vxorem eius de libero tenemento suo in Flore post primam etc. Et vnde queruntur quod disseisiuerunt eos
27 119 470 160 de vno mesuagio et sex acris terre cum pertinenciis etc.
28 156 1063 211 Et Emma venit. Et alii non veniunt set quidam Iohannes de Duston venit et pro omnibus preterquam pro predicta Emma respondet
31 186 1080 249 tanquam eorum balliuus et dicit quod ipsi nichil habent in predictis tenementis ad presens nec aliquam inde fecerunt iniuriam seu disseisi
33 221 387 255 nam Et de hoc ponunt se super assisam etc.
34 253 1069 322 Et Emma vt tenens etc. respondet et dicit quod predicti Nicholaus et Alicia iniuste tulerunt assisam istam versus eam.
29 284 1081 359 Quia dicit quod predicta tenementa quondam fuerunt in seisina quorundam Onorii Malerbe et Iohanne vxoris eius matris predicte Emme
27 317 1060 390 cuius heres ipsa est vt de iure ipsius Iohanne. Qui quidem Onorius et Iohanna tenementa illa dimiserunt quibusdam
24 352 1068 423 Roberto Michel et Alesie vxori eius tenenda ad terminum vite eorundem Roberti et Alesie. Post quorum mortem et eciam mortem
20 386 1046 457 eorundem Onori et Iohanne eadem Emma vt filia et heres predicte Iohanne intrauit in tenementis predictis vt in reuersione
22 421 1055 495 sua sicut ei bene licit et absque aliqua disseisina eisdem Nicholao et Alicie xori eius facienda. Et de hoc ponit
23 458 1079 531 se super assisam. Et predicti Nicholaus et Alicia vxor eius similiter. Ideo capiatur assisa. --- Iuratores dicunt super sacramentum
20 492 1065 570 suum quod predicta Emma que nominatur sola die impetracionis predicti breuis, scilicet vicesimo tercio die Augusti vltimo preterito
17 529 1064 608 habuit virum superstitem et adhuc habet, scilicet predictum Thomam filium Simonis filii Iohannis atte Grene de Duston nomine.
23 556 1073 644 Et quia hoc compertum est per assisam istam, ideo predicta Emma et alii inde sine die et predicti Nicholaus et Alicia nichil
23 588 570 644 capiant per breue suum set sint in misericordia pro falso clamore etc.
