1087 447
2 22 1043 75 ¶ Iohanna que fuit vxor Roberti filii Henrici le Clerk de Stane Wygg petit versus Iohannem de Assheton iuniorem vnum
25 59 1034 102 mesuagium viginti et quatuor acras terre et quinque acras prati cum pertinencis in Stane Wygg---vtius
17 88 1047 134 et maritagium suum et in que idem Iohannes non habet ingressum nisi per Iohannem de Assheton seniorem cui predictus Robertus
22 126 832 164 quondam vir ipsius Iohanne illa dimisit cui ipsa in vita sua contradicere non potuit etc.
23 151 1042 195 Et Iohannes venit et defendit ius suum quando etc. Et dicit quod predicta Iohanna nichil iuris clamare potest in predictis
27 185 1033 225 tenementis per formam predictam. Quia dicit quod predicta tenementa fuerunt coniunctum perquisitum predicti Roberti quondam viri etc. et
32 217 1052 256 eiusdem Iohanne de dono cuiusdam Iohannis Wyth qui ipsos inde feoffauit tenenda eisdem Roberto et Iohanne et heredibus
35 247 1063 289 ipsius Roberti et non jus et maritagium eiusdem Iohanne sicut per breue suum supponit. Et de hoc ponit se super patriam.
30 281 1059 318 Et Iohanna similiter. Ideo preceptum est vicecomiti quod venire faciat hic die Sabati proximo post festum Sancti Nicholai . xij. etc. per quos
25 311 1054 350 etc. et qui nec etc. quia tam etc. Et Ad quem diem venerunt partes et similiter iuratores qui dicunt super
28 338 1049 380 sacramentum suum quod predictus Iohannes Wyth dedit predicta tenementa predictis Roberto filio Henrico et Iohanne vxori eius et heredibus
30 365 1067 409 ipsius Roberti et non in maritagium eiusdem Iohanne. Ideo consideratum est quod predictus Iohannes eat inde sine die. Et predicta
26 394 666 441 Iohanna nichil capiat per breue suum set sit in misericordia pro falso clamore etc.
