<PcGts xmlns="http://schema.primaresearch.org/PAGE/gts/pagecontent/2013-07-15" xmlns:xsi="http://www.w3.org/2001/XMLSchema-instance" xsi:schemaLocation="http://schema.primaresearch.org/PAGE/gts/pagecontent/2013-07-15 http://schema.primaresearch.org/PAGE/gts/pagecontent/2013-07-15/pagecontent.xsd">
    <Metadata>
        <Creator>Transkribus</Creator>
        <Created>2024-01-02T21:27:09.756+01:00</Created>
        <LastChange>2024-01-02T22:10:12.371+01:00</LastChange>
        <TranskribusMetadata docId="1640070" pageId="63045138" pageNr="5" tsid="144284985" status="FINAL" userId="195295" imgUrl="https://files.transkribus.eu/Get?id=SBYKRJERMDJXJTTMUMXARHLQ&amp;fileType=view" xmlUrl="https://files.transkribus.eu/Get?id=VLHCNCYNVFFKQIBWCEEMGEPX" imageId="50964654" />
    </Metadata>
    <Page imageFilename="JUST1-633m52.jpeg" imageWidth="1107" imageHeight="667">
        <ReadingOrder>
            <OrderedGroup id="ro_1704262309345" caption="Regions reading order">
                <RegionRefIndexed index="0" regionRef="r" />
            </OrderedGroup>
        </ReadingOrder>
        <Relations />
        <TextRegion id="r" custom="readingOrder {index:0;}">
            <Coords points="1102,659 -1,659 -1,2 1102,2" />
            <TextLine id="l_10" custom="readingOrder {index:0;}">
                <Coords points="8,39 156,41 324,45 521,47 682,49 908,47 1078,46 1078,17 908,18 682,20 521,18 324,16 156,12 8,10" />
                <Baseline points="8,33 156,35 324,39 521,41 682,43 908,41 1078,40" />
                <TextEquiv>
                    <Unicode>&#182; Prior de Chikesond summonitus fuit ad respondendum Iohanni de Lexedene de placito quod reddat ei viginti libras quas ei debet </Unicode>
                </TextEquiv>
            </TextLine>
            <TextLine id="l_26" custom="readingOrder {index:1;}">
                <Coords points="15,72 100,70 189,72 361,79 504,79 569,82 673,82 883,81 1039,82 1068,80 1068,51 1039,53 883,52 673,53 569,53 504,50 361,50 189,43 100,41 15,43" />
                <Baseline points="15,66 100,64 189,66 361,73 504,73 569,76 673,76 883,75 1039,76 1068,74" />
                <TextEquiv>
                    <Unicode>et iniuste detinet etc. Et vnde idem Iohannes per Ricardum de Beby attornatum suum dicit quod cum quidam Iohannes de Chikesond </Unicode>
                </TextEquiv>
            </TextLine>
            <TextLine id="l_50" custom="readingOrder {index:2;}">
                <Coords points="16,102 92,101 247,104 465,109 691,112 852,117 1002,117 1079,117 1079,88 1002,88 852,88 691,83 465,80 247,75 92,72 16,73" />
                <Baseline points="16,96 92,95 247,98 465,103 691,106 852,111 1002,111 1079,111" />
                <TextEquiv>
                    <Unicode>predecessor istius prioris die Iouis proximo ante festum Epiphanie Domini anno regni regis E. patris domini regis nunc decimo octauo per scriptum </Unicode>
                </TextEquiv>
            </TextLine>
            <TextLine id="l_68" custom="readingOrder {index:3;}">
                <Coords points="23,131 129,131 213,134 310,134 370,136 482,139 599,142 777,148 864,151 979,151 1073,152 1073,123 979,122 864,122 777,119 599,113 482,110 370,107 310,105 213,105 129,102 23,102" />
                <Baseline points="23,125 129,125 213,128 310,128 370,130 482,133 599,136 777,142 864,145 979,145 1073,146" />
                <TextEquiv>
                    <Unicode>suum obligasset se pro se et successoribus suis teneri predicto Iohanni de Lexedene in viginti libris soluendis eidem apud </Unicode>
                </TextEquiv>
            </TextLine>
            <TextLine id="l_92" custom="readingOrder {index:4;}">
                <Coords points="23,161 172,164 236,166 348,166 441,169 580,171 715,175 911,179 1063,181 1063,152 911,150 715,146 580,142 441,140 348,137 236,137 172,135 23,132" />
                <Baseline points="23,155 172,158 236,160 348,160 441,163 580,165 715,169 911,173 1063,175" />
                <TextEquiv>
                    <Unicode>Conynton ad festum Sancti Michaelis tunc proximo sequens Idem Iohannes prior predecessor etc. dum vixit nec eciam iste prior </Unicode>
                </TextEquiv>
            </TextLine>
            <TextLine id="l_112" custom="readingOrder {index:5;}">
                <Coords points="23,191 148,194 328,198 502,203 672,205 797,207 988,211 1058,211 1058,182 988,182 797,178 672,176 502,174 328,169 148,165 23,162" />
                <Baseline points="23,185 148,188 328,192 502,197 672,199 797,201 988,205 1058,205" />
                <TextEquiv>
                    <Unicode>nunc denarios predictos soluere non curarunt set predictus prior nunc denarios illos ei reddere contradicit vnde dicit </Unicode>
                </TextEquiv>
            </TextLine>
            <TextLine id="l_130" custom="readingOrder {index:6;}">
                <Coords points="26,220 126,222 244,226 410,231 664,235 841,237 1011,239 1090,236 1090,207 1011,210 841,208 664,206 410,202 244,197 126,193 26,191" />
                <Baseline points="26,214 126,216 244,220 410,225 664,229 841,231 1011,233 1090,230" />
                <TextEquiv>
                    <Unicode>quod deterioratus est et dampnum habet ad valenciam viginti marcarum. Et inde producit sectam etc. Et profert quoddam scriptum predicti</Unicode>
                </TextEquiv>
            </TextLine>
            <TextLine id="l_148" custom="readingOrder {index:7;}">
                <Coords points="29,249 101,251 190,255 308,258 454,260 591,264 706,267 853,271 956,273 1085,271 1085,242 956,244 853,242 706,238 591,235 454,231 308,229 190,226 101,222 29,220" />
                <Baseline points="29,243 101,245 190,249 308,252 454,254 591,258 706,261 853,265 956,267 1085,265" />
                <TextEquiv>
                    <Unicode>Iohannis prioris communi sigillo domus sue consignatum cuius datum est apud Chikesond anno supradicto quod hoc testatur etc.</Unicode>
                </TextEquiv>
            </TextLine>
            <TextLine id="l_172" custom="readingOrder {index:8;}">
                <Coords points="26,280 149,282 242,285 268,288 306,290 407,291 544,293 574,295 631,296 723,298 752,299 909,303 945,305 983,307 1031,305 1057,307 1078,307 1078,278 1057,278 1031,276 983,278 945,276 909,274 752,270 723,269 631,267 574,266 544,264 407,262 306,261 268,259 242,256 149,253 26,251" />
                <Baseline points="26,274 149,276 242,279 268,282 306,284 407,285 544,287 574,289 631,290 723,292 752,293 909,297 945,299 983,301 1031,299 1057,301 1078,301" />
                <TextEquiv>
                    <Unicode>Et prior venit et defendit vim et Iniuriam quando etc. Et dicit quod non debet ei ad istud breue respondere quia dicit quod cum </Unicode>
                </TextEquiv>
            </TextLine>
            <TextLine id="l_208" custom="readingOrder {index:9;}">
                <Coords points="28,307 71,310 196,314 256,318 435,323 578,325 670,328 869,335 1007,334 1070,339 1070,310 1007,305 869,306 670,299 578,296 435,294 256,289 196,285 71,281 28,278" />
                <Baseline points="28,301 71,304 196,308 256,312 435,317 578,319 670,322 869,329 1007,328 1070,333" />
                <TextEquiv>
                    <Unicode>predictus Iohannes petat versus eum predictum debitum per predictum scriptum apud Chikesond confectum Chikesond non est in </Unicode>
                </TextEquiv>
            </TextLine>
            <TextLine id="l_230" custom="readingOrder {index:10;}">
                <Coords points="29,339 100,343 258,350 373,353 448,355 573,357 618,359 766,362 872,366 983,369 1027,369 1097,365 1097,336 1027,340 983,340 872,337 766,333 618,330 573,328 448,326 373,324 258,321 100,314 29,310" />
                <Baseline points="29,333 100,337 258,344 373,347 448,349 573,351 618,353 766,356 872,360 983,363 1027,363 1097,359" />
                <TextEquiv>
                    <Unicode>isto comitatu immo in comitatu Bedeford. Et petit iudicium si hic inde respondere debeat etc. Dies datus est eis de audiendo </Unicode>
                </TextEquiv>
            </TextLine>
            <TextLine id="l_256" custom="readingOrder {index:11;}">
                <Coords points="22,369 133,375 196,377 235,377 256,388 288,389 307,382 408,383 502,388 550,388 582,393 660,393 741,393 762,396 882,398 946,400 1002,401 1052,403 1090,405 1090,376 1052,374 1002,372 946,371 882,369 762,367 741,364 660,364 582,364 550,359 502,359 408,354 307,353 288,360 256,359 235,348 196,348 133,346 22,340" />
                <Baseline points="22,363 133,369 196,371 235,371 256,382 288,383 307,376 408,377 502,382 550,382 582,387 660,387 741,387 762,390 882,392 946,394 1002,395 1052,397 1090,399" />
                <TextEquiv>
                    <Unicode>iudicio suo hic die Iouis proximo post quindenam Sancti Hillarii etc. Ad quem diem veniunt partes. Et idem prior relicta ex</Unicode>
                </TextEquiv>
            </TextLine>
            <TextLine id="l_298" custom="readingOrder {index:12;}">
                <Coords points="25,400 122,403 155,406 216,407 269,414 364,415 469,417 585,421 713,424 835,429 922,429 1003,432 1079,434 1079,405 1003,403 922,400 835,400 713,395 585,392 469,388 364,386 269,385 216,378 155,377 122,374 25,371" />
                <Baseline points="25,394 122,397 155,400 216,401 269,408 364,409 469,411 585,415 713,418 835,423 922,423 1003,426 1079,428" />
                <TextEquiv>
                    <Unicode>cepcione sua predicta respondet viterius et dicit quod predictus Iohannes nichil exigere potest in predicto debito quia dicit quod idem Iohannes per </Unicode>
                </TextEquiv>
            </TextLine>
            <TextLine id="l_328" custom="readingOrder {index:13;}">
                <Coords points="23,429 122,433 217,438 235,441 254,444 381,444 420,448 545,451 631,452 666,454 765,455 877,455 895,458 951,459 1045,460 1090,460 1090,431 1045,431 951,430 895,429 877,426 765,426 666,425 631,423 545,422 420,419 381,415 254,415 235,412 217,409 122,404 23,400" />
                <Baseline points="23,423 122,427 217,432 235,435 254,438 381,438 420,442 545,445 631,446 666,448 765,449 877,449 895,452 951,453 1045,454 1090,454" />
                <TextEquiv>
                    <Unicode>scriptum suum concessit quod si idem prior et conuentus sui de Chikesond warantizauerint ei et acquietauerint ei et defenderint terras </Unicode>
                </TextEquiv>
            </TextLine>
            <TextLine id="l_362" custom="readingOrder {index:14;}">
                <Coords points="17,459 149,464 222,466 240,471 258,472 311,474 422,479 493,484 599,485 750,486 768,487 900,488 997,488 1053,487 1053,458 997,459 900,459 768,458 750,457 599,456 493,455 422,450 311,445 258,443 240,442 222,437 149,435 17,430" />
                <Baseline points="17,453 149,458 222,460 240,465 258,466 311,468 422,473 493,478 599,479 750,480 768,481 900,482 997,482 1053,481" />
                <TextEquiv>
                    <Unicode>et tenementa de la Southulke que idem Iohannes tenet ex dimissione ipsorum prioris et conuentus per scriptum eorundem quod </Unicode>
                </TextEquiv>
            </TextLine>
            <TextLine id="l_392" custom="readingOrder {index:15;}">
                <Coords points="23,488 134,493 255,499 320,501 338,507 458,511 485,514 625,518 811,518 934,518 974,520 1071,517 1071,488 974,491 934,489 811,489 625,489 485,485 458,482 338,478 320,472 255,470 134,464 23,459" />
                <Baseline points="23,482 134,487 255,493 320,495 338,501 458,505 485,508 625,512 811,512 934,512 974,514 1071,511" />
                <TextEquiv>
                    <Unicode>extune predictum scriptum obligatorium pro nullo haberetur vi careret et effectu et quod idem prior et conuentus et successores </Unicode>
                </TextEquiv>
            </TextLine>
            <TextLine id="l_418" custom="readingOrder {index:16;}">
                <Coords points="21,517 97,523 200,526 290,530 345,536 468,542 574,546 709,548 820,548 926,550 999,550 1082,548 1082,519 999,521 926,521 820,519 709,519 574,517 468,513 345,507 290,501 200,497 97,494 21,488" />
                <Baseline points="21,511 97,517 200,520 290,524 345,530 468,536 574,540 709,542 820,542 926,544 999,544 1082,542" />
                <TextEquiv>
                    <Unicode>sui de predictis viginti libris omnino essent quieti. Et profert quoddam scriptum sub nomine predicti Iohannis quod hoc testatur cuius </Unicode>
                </TextEquiv>
            </TextLine>
            <TextLine id="l_444" custom="readingOrder {index:17;}">
                <Coords points="16,548 100,552 192,556 332,564 376,566 411,570 490,575 551,577 665,578 850,578 871,581 1063,580 1063,551 871,552 850,549 665,549 551,548 490,546 411,541 376,537 332,535 192,527 100,523 16,519" />
                <Baseline points="16,542 100,546 192,550 332,558 376,560 411,564 490,569 551,571 665,572 850,572 871,575 1063,574" />
                <TextEquiv>
                    <Unicode>datum est apud Chickesond die Epiphanie Domini anno regni regis E. filii regis E. decimo octauo. Et dicit quod ipse semper </Unicode>
                </TextEquiv>
            </TextLine>
            <TextLine id="l_470" custom="readingOrder {index:18;}">
                <Coords points="24,577 128,584 282,590 427,599 603,605 653,608 798,609 924,612 1087,612 1087,583 924,583 798,580 653,579 603,576 427,570 282,561 128,555 24,548" />
                <Baseline points="24,571 128,578 282,584 427,593 603,599 653,602 798,603 924,606 1087,606" />
                <TextEquiv>
                    <Unicode>paratus fuit warantizare acquietare et defendere predictum Iohannem per formam scripti predicti. Et petit iudicium etc. Postea </Unicode>
                </TextEquiv>
            </TextLine>
            <TextLine id="l_494" custom="readingOrder {index:19;}">
                <Coords points="22,605 121,611 205,617 278,621 376,627 496,632 626,636 689,639 794,642 825,641 988,643 1053,644 1074,644 1074,615 1053,615 988,614 825,612 794,613 689,610 626,607 496,603 376,598 278,592 205,588 121,582 22,576" />
                <Baseline points="22,599 121,605 205,611 278,615 376,621 496,626 626,630 689,633 794,636 825,635 988,637 1053,638 1074,638" />
                <TextEquiv>
                    <Unicode>predictus Iohannes non est prosecutus. Ideo predictus prior inde sine die et predictus Iohannes et plegii sui de prosequendo in misericordia. Querantur </Unicode>
                </TextEquiv>
            </TextLine>
            <TextLine id="l_522" custom="readingOrder {index:20;}">
                <Coords points="25,631 104,638 137,642 137,613 104,609 25,602" />
                <Baseline points="25,625 104,632 137,636" />
                <TextEquiv>
                    <Unicode>nomina plegiorum.</Unicode>
                </TextEquiv>
            </TextLine>
            <TextEquiv>
                <Unicode />
            </TextEquiv>
        </TextRegion>
    </Page>
</PcGts>