1152 1347
7 4 1137 60 ¶ Thomas filius Hugonis de Staunton per Robertum de Chanceux attornatum suum petit versus priorem de Lenton
22 41 1124 97 aduocacionem ecclesie de Herleston vt jus etc. per breue de recto clausum etc. Et vnde idem Thomas per attornatum suum
17 75 1133 139 dicit quod quidam Willelmus de Staunton antecessor etc. fuit seisitus de predicta aduocacione vt de feodo et
14 114 1127 175 jure tempore pacis tempore regis H. proaui domini regis nunc. Qui quidem Willelmus eodem tempore ad predictam ecclesiam
12 152 1144 209 presentauit quemdam Willelmum de Grendon clericum suum qui ad presentacionem suam fuit admissus et institutus
17 190 1124 246 tempore pacis tempore eiusdem regis H. capiendo inde explecia vt in grossis decimis et minutis oblacionibus et ob
13 229 1119 289 uencionibus. ad valenciam etc. vt de jure ecclesie sue predicte. Et de ipso Willelmo de Staunton descendit jus etc.
10 268 1116 330 cuidam Willelmo vt filio et heredi etc. et de ipso Willelmo cuidam Willelmo vt filio et heredi etc. et de ipso Willelmo
6 303 1140 366 quia obiit sine herede de se descendit jus etc. cuidam Ricardo vt fratri et heredi etc. et de ipso Ricardo quia obiit
6 343 1128 402 sine herede de se descendit jus etc. cuidam Clemencie vt sorori et heredi etc. et de ipsa Clemencia descendit
5 381 999 435 jus etc. predicto Thome qui nunc petit vt filio et heredi. Et quod tale sit jus etc. offert etc.
5 421 1121 478 Et prior per Simonem Tebaud attornatum suum venit. Et defendit jus suum quando etc. Et seisinam predicti Willelmi de
7 457 1111 518 Staunton antecessoris etc. de cuius seisina etc. vt de feodo et jure etc. et totum etc. Et paratus est defendere
7 498 1117 553 per corpus cuiusdam liberi hominis sui Willelmi filii Iohannis nomine qui presens est et paratus hoc defendere per corpus suum
12 540 739 581 vel alio modo sicut curia considerauerit. Et si de eo etc. quod per alium etc.
803 571 849 607 predicti
14 574 1111 644 Et Thomas dicit quod predictus prior iniuste defendit jus suum etc. et seisinam predicti Willelmi antecessoris sui etc.
16 612 1117 682 Et ideo iniuste quia predictus Willelmus antecessor etc. de predicta aduocacione fuit seisitus vt de feodo et jure tempore
19 645 1124 722 pacis tempore predicti regis. H. proaui domini regis nunc et de ipso Willelmo descendit jus etc. cuidam Willelmo vt filio et
14 685 1109 759 heredi etc. et de ipso Willelmo cuidam Willelmo vt filio et heredi etc. et de ipso Willelmo quia obit sine herede
20 722 1123 794 de se descendit jus etc. cuidam Ricardo vt fratri et heredi etc. et de ipso Ricardo quia obit sine herede de se descendit
22 761 1108 834 jus etc. cuidam Clemencie vt sorori et heredi etc. et de ipsa Clemencia descendit jus etc. ipsi Thome
22 798 1110 872 qui nunc petit vt filio et heredi etc. Et quod tale sit jus suum offert disracionare per corpus cuiusdam liberi hominis
23 836 1112 905 sui Willelmi filii Thome nomine qui presens est et paratus hoc disracionare per corpus suum vel alio modo sicut
19 875 1106 949 curia considerauerit. Et si de eo etc. quod per alium etc. Ideo consideratum est quod duellum sit inde inter eos. Et predictus
18 915 1123 991 Willelmus filius Iohannis det vadium defendendi et predictus Willelmus filius Thome det vadiumdisracionandi plegii
22 949 1124 1026 predicti prioris de duello Petrus le fitz Waryn et Willelmus de Leycestre plegii predicti Thome de duello
18 985 1117 1063 Robertus de Chaunceux et Iohannes Sebot de Herleston. Dies datus est partibus hic die Lune in secunda septimana
20 1021 1113 1103 quadragesime et tunc veniant predicti seruientes armati etc. Ad quem diem venerunt partes predicte
22 1060 1101 1137 in propriis personis et similiter predicti seruientes armati. Et ad barram prout moris est jurati ac a barra proce
19 1097 1106 1177 dentes venerunt ad campum pro duello ordinatum. Et ibidem tam predictus Thomas quam predictus prior ve
20 1133 1120 1212 nerunt coram justiciariis et pecierunt licenciam concordandi. Et predictus prior dat domino regi viginti solidos
6 1166 1094 1247 pro licencia concordandi. Et est concordia talis scilicet quod predictus Thomas recognouit predictam aduocacionem
19 1203 1111 1293 esse jus ipsius prioris et ecclesie sue Sancte Trinitatis de Lenton et illam remisit et quietumclamauit de
17 1239 1103 1334 se et heredibus suis predicto priori et successoribus suis et ecclesie sue predicte imperpetuum. Et habent cyrographum per
13 1277 292 1320 Rogerum Hyllary narratorem etc.
