1188 948
29 60 102 77 Willelmus
913 65 1008 80 tresdecim
9 39 1160 110 ¶ abbas de Sancto Wandregesilio prebendarius prebende de Vpauene in ecclesia beate Marie Saresburiensi per Bernardum Le
36 81 1159 145 Engleys attornatum suum petit versus Thomam de Boketon. Chyualer sexaginta et --- solidatas et quatuor
39 129 1176 181 denarratas redditus cum pertinenciis in Boketon et Multon et versus Iulianam que fuit vxor Iohannis de Boketon triginta
45 179 1167 222 et sex solidatas et octo denarratas redditus cum pertinenciis in eisdem villis vt --- jus prebende sue predicte
50 224 1174 260 et in quas iidem Thomas et Juliana non habent ingressum nisi per Iohannem de Boketon cui Willelmus de Nutriuilla
55 261 1135 298 quondam abbas de Sancto Wandregesilio prebendarius predicte prebende predecessor predicti prebendarii illas dimisit
56 301 1170 334 sine assensu et voluntate decani et capituli loci predicti. Et vnde idem abbas per predictum attornatum suum dicit quod predictus
58 342 1139 369 Willelmus de Nutriuilla quondam Abbas etc. predecessor. predicti prebendarii etc. fuit seisitus de predictis redditubus
65 380 1127 410 in dominico suo vt de feodo et iure prebende sue predicte tempore pacis. Tempore. E. Regis aui domini regis nunc
65 424 858 448 capiendo inde explecia ad valenciam. etc. et in quas etc. Et inde producit sectam etc.
69 464 1146 485 Et Thomas et Iuliana veniunt. Et predicta Juliana quo ad redditum versus cam petitum dicit quod ipsa tenet predictum
69 504 1132 527 redditum in dotem ex dotacione predicti Iohannis de Boketon quondam viri etc. de hereditate predicti Thome
72 543 1151 569 et in forma predicta vocat ipsum Thomam ad Warantum qui presens est in curia. et gratis ei Warantizat. Et idem Thomas
77 583 1149 605 tam quo ad predictum. redditum versus eum petitum quam ad predictum redditum quem eidem Juliane Warantizat defendit jus
77 617 1164 643 ipsius abbatis quando etc. Et dicit quod predictus Willelmus de Nutriuilla predecessor etc. nunquam seisitus fuit de predictis
78 652 1164 682 redditibus vt de jure prebende sue predicte prout jdem Willelmus abbas per breue suum supponit immo vt de jure ecclesie
85 691 938 706 ipsius abbatis de Sancto Wandregesilio etc. Et hoc paratus est verificare etc. vnde petit iudicium etc.
86 726 1155 755 Et abbas dicit quod predictus Willelmus predecessor etc. seisitus fuit de predictis redditibus ut de jure prebende sue predicte.
87 761 1171 791 Et hoc paratus est verificare per patriam. Et predictus Thomas similiter. Ideo preceptum est vicecomiti quod venire faciat hic die Lune
83 798 1073 829 proxima post festum Purificacionis beate Marie. xij. etc. per quos etc. et qui nec etc. ad recognoscendum etc. qua tam etc.
87 836 1162 863 Postea ad diem illum predictus Thomas venit et optulit se versus prefatum Willelmum abbatem de placito predicto. Et ipse
92 872 1168 894 non venit. Et fuit petens. Ideo predictus Thomas inde sine die et predictus Willelmus abbas et plegii sui de prosequendo in
97 905 558 921 misericordia videlicet Iohannes Alman et Thomas Page.
