1090 954
2 37 1074 51 Assisa venit recognitura si Laurencius filius Laurencii de Preston chiualer iniuste etc. disesiuit Elyam
7 78 1090 94 filium Humfridi Cut de libero tenemento suo in Preston iuta Norhamton post primam etc. Et vnde queritur quod disseisiuit
7 113 1064 133 eum de quodam proficuo capiendo pro custodia parci de Preston et bosci vocati Harnho et duarum culturarum
743 142 830 153 capiendo
6 152 1066 174 que vocantur Harnho Stokkyng et vnius culture vocate la Hale scilicet vnum denarium et obolum singulis
10 195 1073 219 diebus anni pro victualibus suis et decem solidos vel vnam robam preci decem solidorum ad Natale Domini singulis
12 236 1083 258 annis etc. Et pro titulo liberi tenementi in hac parte etc. dicit quod quidam Laurencius dominus de Preston miles pater
13 274 1070 301 predicti Laurencii cuius heres ipse est dedit concessit et carta sua confirmauit cuidam Humfrido
10 318 1074 347 de Benyngfeld patri predicti Elie cuius heres ipse est custodiam parci sui de Preston et bosci vo
11 347 1083 379 cati Harnho et duarum culturarum terre cum pertinenciis que vocantur Harnho Stokkyng et vnius culture
16 388 1051 418 vocate la Hale etc. habendam et tenendam eidem Humfrido et heredibus suis de corpore suo legitime procreatis etc.
8 419 1068 457 Et concessit pro se et heredibus suis et assignatis quod idem Humfridus et heredes sui de corpore suo legitime procreati
5 454 1087 494 per manus suas seu heredum suorum balliuorum seu assignatorum in manerio de Preston qui pro tempore fuerunt percipient quolibet
13 493 1086 530 die ad victualia sua num denarium et obolum et quolibet anno decem solidos vel vnam robam precii decem solidorum quolibet
9 526 1072 565 anno ad Natale Domini etc. et quod predictus Laurencius et heredes seu assignati sui in quorumcumque manus manerium de
11 562 1074 597 de Preston cum pertinencis imposterum deuenerit seu parcus predictus custodiam predictam in forma predicta predicto Humfrido et heredibus
13 601 1075 630 suis predictis warantizabunt etc. Et profert cartam predicti Laurencii que hoc idem testatur etc. Vnde dicit quod ipse sei
14 639 1056 668 situs fuit de proficuo predicto vt de libero tenemento capiendo in forma predica quousque predictus Laurencius ipsum iniuste disseisiuit. Et hoc petit
11 678 243 693 quod inquiratur per assisam etc.
10 717 1057 741 Et Laurencius non venit set quidam Iohannes de Helpiston respondit pro e tanquam eius balliuus etc. et pro ipso vt tenente etc.
15 749 1065 777 dicit quod non tenetur ei ad hoc breue respondere. Quia dicit quod cum predictus Elias se questus sit disseisiri de predicto proficuo annu
18 784 1075 813 atim capiendo de manerio de Preston etc. quidam Henricus le Feuere tenet de eodem manerio vnum mesuagium et medieta
22 820 1052 843 tem vnius virgate terre cum pertinenciis et Gilbertus Robyn num mesuagium et medietatem vnius virgate terre cum pertinenciis de eodem
18 850 1066 877 manerio et tenuerunt die impetracionis breuis etc. videlicet duodecimo die Maii vltimo preterito qui quidem Henricus et Gilbertus
20 877 1054 910 non nominantur in breui. Et petit iudicium etc. Et predictus Elias hoc non potest dedicere. Ideo consideratum est quod predictus
23 911 991 941 Elyas nichil capiat per breue etc. set sit in misericordia pro falso clamore etc. Et predictus Laurencius inde sine die etc.
