1152 1347
7 16 1138 52 ¶ Thomas filius Hugonis de Staunton per Robertum de Chanceux attornatum suum petit versus priorem de Lenton
22 53 1125 89 aduocacionem ecclesie de Herleston vt jus etc. per breue de recto clausum etc. Et vnde idem Thomas per attornatum suum
17 87 1134 131 dicit quod quidam Willelmus de Staunton antecessor etc. fuit seisitus de predicta aduocacione vt de feodo et
14 126 1128 167 jure tempore pacis tempore regis H. proaui domini regis nunc. Qui quidem Willelmus eodem tempore ad predictam ecclesiam
12 170 1144 201 presentauit quemdam Willelmum de Grendon clericum suum qui ad presentacionem suam fuit admissus et institutus
17 208 1124 238 tempore pacis tempore eiusdem regis H. capiendo inde explecia vt in grossis decimis et minutis oblacionibus et ob
13 247 1119 281 uencionibus. ad valenciam etc. vt de jure ecclesie sue predicte. Et de ipso Willelmo de Staunton descendit jus etc.
10 286 1116 322 cuidam Willelmo vt filio et heredi etc. et de ipso Willelmo cuidam Willelmo vt filio et heredi etc. et de ipso Willelmo
6 321 1140 358 quia obiit sine herede de se descendit jus etc. cuidam Ricardo vt fratri et heredi etc. et de ipso Ricardo quia obiit
6 361 1128 394 sine herede de se descendit jus etc. cuidam Clemencie vt sorori et heredi etc. et de ipsa Clemencia descendit
5 399 1000 427 jus etc. predicto Thome qui nunc petit vt filio et heredi. Et quod tale sit jus etc. offert etc.
5 439 1121 470 Et prior per Simonem Tebaud attornatum suum venit. Et defendit jus suum quando etc. Et seisinam predicti Willelmi de
7 475 1112 510 Staunton antecessoris etc. de cuius seisina etc. vt de feodo et jure etc. et totum etc. Et paratus est defendere
7 516 1117 545 per corpus cuiusdam liberi hominis sui Willelmi filii Iohannis nomine qui presens est et paratus hoc defendere per corpus suum
12 558 739 573 vel alio modo sicut curia considerauerit. Et si de eo etc. quod per alium etc.
14 592 1111 636 Et Thomas dicit quod predictus prior iniuste defendit jus suum etc. et seisinam predicti Willelmi antecessoris sui etc.
16 630 1117 674 Et ideo iniuste quia predictus Willelmus antecessor etc. de predicta aduocacione fuit seisitus vt de feodo et jure tempore
19 663 1125 714 pacis tempore predicti regis. H. proaui domini regis nunc et de ipso Willelmo descendit jus etc. cuidam Willelmo vt filio et
14 703 1110 751 heredi etc. et de ipso Willelmo cuidam Willelmo vt filio et heredi etc. et de ipso Willelmo quia obit sine herede
20 740 1123 786 de se descendit jus etc. cuidam Ricardo vt fratri et heredi etc. et de ipso Ricardo quia obit sine herede de se descendit
22 779 1109 826 jus etc. cuidam Clemencie vt sorori et heredi etc. et de ipsa Clemencia descendit jus etc. ipsi Thome
22 816 1111 864 qui nunc petit vt filio et heredi etc. Et quod tale sit jus suum offert disracionare per corpus cuiusdam liberi hominis
23 854 1112 897 sui Willelmi filii Thome nomine qui presens est et paratus hoc disracionare per corpus suum vel alio modo sicut
19 893 1106 941 curia considerauerit. Et si de eo etc. quod per alium etc. Ideo consideratum est quod duellum sit inde inter eos. Et predictus
18 933 1123 983 Willelmus filius Iohannis det vadium defendendi et predictus Willelmus filius Thome det vadiumdisracionandi plegii
22 967 1124 1018 predicti prioris de duello Petrus le fitz Waryn et Willelmus de Leycestre; plegii predicti Thome de duello
18 1003 1117 1055 Robertus de Chaunceux et Iohannes Sebot de Herleston. Dies datus est partibus hic die Lune in secunda septimana
20 1039 1114 1095 quadragesime et tunc veniant predicti seruientes armati etc. Ad quem diem venerunt partes predicte
22 1078 1101 1129 in propriis personis et similiter predicti seruientes armati. Et ad barram prout moris est jurati ac a barra proce
19 1115 1106 1169 dentes venerunt ad campum pro duello ordinatum. Et ibidem tam predictus Thomas quam predictus prior ve
20 1151 1120 1204 nerunt coram justiciariis et pecierunt licenciam concordandi. Et predictus prior dat domino regi viginti solidos
6 1184 1095 1239 pro licencia concordandi. Et est concordia talis scilicet quod predictus Thomas recognouit predictam aduocacionem
19 1221 1112 1285 esse jus ipsius prioris et ecclesie sue Sancte Trinitatis de Lenton et illam remisit et quietumclamauit de
17 1257 1105 1326 se et heredibus suis predicto priori et successoribus suis et ecclesie sue predicte imperpetuum. Et habent cyrographum per
13 1295 292 1312 Rogerum Hyllary narratorem etc.
