1107 667
8 18 1078 43 ¶ Prior de Chikesond summonitus fuit ad respondendum Iohanni de Lexedene de placito quod reddat ei viginti libras quas ei debet
15 49 1068 76 et iniuste detinet etc. Et vnde idem Iohannes per Ricardum de Beby attornatum suum dicit quod cum quidam Iohannes de Chikesond
16 80 1079 111 predecessor istius prioris die Iouis proximo ante festum Epiphanie Domini anno regni regis E. patris domini regis nunc decimo octauo per scriptum
23 110 1073 146 suum obligasset se pro se et successoribus suis teneri predicto Iohanni de Lexedene in viginti libris soluendis eidem apud
23 140 1063 175 Conynton ad festum Sancti Michaelis tunc proximo sequens Idem Iohannes prior predecessor etc. dum vixit nec eciam iste prior
23 170 1058 205 nunc denarios predictos soluere non curarunt set predictus prior nunc denarios illos ei reddere contradicit vnde dicit
26 199 1090 233 quod deterioratus est et dampnum habet ad valenciam viginti marcarum. Et inde producit sectam etc. Et profert quoddam scriptum predicti
29 228 1085 267 Iohannis prioris communi sigillo domus sue consignatum cuius datum est apud Chikesond anno supradicto quod hoc testatur etc.
26 259 1078 301 Et prior venit et defendit vim et Iniuriam quando etc. Et dicit quod non debet ei ad istud breue respondere quia dicit quod cum
28 286 1071 333 predictus Iohannes petat versus eum predictum debitum per predictum scriptum apud Chikesond confectum Chikesond non est in
29 318 1097 363 isto comitatu immo in comitatu Bedeford. Et petit iudicium si hic inde respondere debeat etc. Dies datus est eis de audiendo
22 348 1091 399 iudicio suo hic die Iouis proximo post quindenam Sancti Hillarii etc. Ad quem diem veniunt partes. Et idem prior relicta ex
25 379 1079 428 cepcione sua predicta respondet viterius et dicit quod predictus Iohannes nichil exigere potest in predicto debito quia dicit quod idem Iohannes per
23 408 1090 454 scriptum suum concessit quod si idem prior et conuentus sui de Chikesond warantizauerint ei et acquietauerint ei et defenderint terras
17 438 1053 482 et tenementa de la Southulke que idem Iohannes tenet ex dimissione ipsorum prioris et conuentus per scriptum eorundem quod
23 467 1071 514 extune predictum scriptum obligatorium pro nullo haberetur vi careret et effectu et quod idem prior et conuentus et successores
21 496 1082 544 sui de predictis viginti libris omnino essent quieti. Et profert quoddam scriptum sub nomine predicti Iohannis quod hoc testatur cuius
16 527 1063 575 datum est apud Chickesond die Epiphanie Domini anno regni regis E. filii regis E. decimo octauo. Et dicit quod ipse semper
24 556 1087 606 paratus fuit warantizare acquietare et defendere predictum Iohannem per formam scripti predicti. Et petit iudicium etc. Postea
22 584 1074 638 predictus Iohannes non est prosecutus. Ideo predictus prior inde sine die et predictus Iohannes et plegii sui de prosequendo in misericordia. Querantur
25 610 139 636 nomina plegiorum.
