1064 712
15 17 1041 66 Iohannes de la Mare de Bernewell petit versus Iohannem de Thorp de Clopton vnum mesuagium cum pertinenciis in Clopton
23 50 1040 97 vt -- ius et hereditatem suam et in quod idem Iohannes de Thorp non habet ingressum nisi per Henricum quon
23 78 1040 122 dam personam ecclesie de Clopton cui Margeria que fuit vxor Willelmi de la Mare illud dimisit que illud tenuit
28 108 1040 151 ad vitam suam ex dimissione quam Iohannes le Carpentere de Wynewyk et Muriella vxor eius inde fecerunt
25 137 1042 179 eidem Margerie et prefato Willelmo quondam viro suo et heredibus ipsius Willelmi patris predicti Iohannis de la Mare cuius
28 168 1039 209 heres ipse est et quod post dimissionem per ipsam Margeriam prefato Henrico inde factam in feodo ad prefatum Iohannem
29 206 677 238 de la Mare reuerti debet per formam statuti in casu consimili prouisi etc.
22 225 1024 268 Et Iohannes de Thorp venit et defendit is suum quando etc. et dicit quod predictus Iohannes de la Mare nichil juris clamare
27 254 1031 295 potest in predicto mesuagio, quia dicit quod in seisina cuiusdam Willelmi de la Mare patris eiusdem Iohannis cuius heres
34 282 1030 323 ipse est fuit quedam place terre non edificata in qua predictum mesuagium modo situatur. Et dicit quod idem Willelmus
33 310 1037 353 placeam illam dedit Henrico de Audewyncle persone ecclesie de Clopton consanguineo predicti Iohannis de Thorp cuius
35 339 1024 383 heres ipse est habendam et tenendam sibi et heredibus suis imperpetuum. Et obligauit se et heredes suos ad warantizandum etc.
34 369 1042 411 Et profert quandam cartam sub nomine predicti Willelmi, que hoc idem testatur. Et petit judicium ex quo dem Iohannes de
35 402 1025 439 la Mare vt filius et heres predicti Willelmi teneretur ipsi Iohanni de Thorp predictam placeam warantizare si ab alio
31 432 578 469 implacitaretur, si contra cartam predictam accionem habere possit etc.
33 463 1041 505 Et Iohannes de la Mare bene cognouit predictam cartam esse factum predicti Willelmi set dicit quod per cartam illam ab agendo
39 495 1041 538 precludi non debet in hac parte. Quia dicit quod predicts Henricus de Audewyncle nunquam aliquid habuit in predicta placea de
39 530 1040 564 dono predicti Willelmi patris etc. sicut idem Iohannes de Thorp dicit. Et hoc petit quod inquiratur per patriam. Et Iohannes de
40 558 1048 592 Thorp similiter. Ideo preceptum est vicecomiti quod venire faciat hic die louis proximo post festum Sancti Martini proximo futurum .xij.
40 586 321 625 etc. per quos etc. quia tam etc.
37 615 1044 656 Ad quem diem predicts Iohannes de la Mare de Bernewell non est prosecutus. Ideo predictus Iohannes de Thorp inde sine die.
41 641 1045 687 Et predictus Iohannes de la Mare de Bernewell et plegii sui de prosequendo in misericordia, videlicet Willelmus de Radburn et Robertus
39 670 179 704 de Sutton etc.
