1115 1286
2 12 1073 69 ¶ Prior ecclesie beate Marie de Huntyngdon per Wile cum deconet attornatum suum optulit se versus Robertum de Rissheton
22 52 1066 105 de placito quare cum de communi consilio regni regis prouisum sit quod non liceat alicui vastum vendicionem seu des
23 93 1081 153 truccionem facere de terris domibus boscis seu gardinis sibi dimissis ad terminum vite vel annorum idem Robertus
22 137 1080 193 de domibus et gardinis in Rissheton que Robertus quondam prior ecclesie beate Marie de Huntyngdon prede
22 176 1075 228 cessor predicti prioris ei dimisit ad vitam ipsius Roberti de Rissheton fecit vastum vendicionem et destruc
21 221 1087 279 cionem ad exheredacionem ecclesie ipsius prioris beate Marie de Huntyngdon et contra formam prouisionis predicte
23 240 461 288 quod continuato inde processu secundum formam statuti etc.
19 263 1082 322 etc. Et ipse non venit Ita preceptum fuit vicecomiti quod distringeret eum per omnes terras etc. Et quod de exitibus etc. Et quod
19 306 1089 358 haberet corpus eius hic ad hune diem scilicet die Sabati proximo post octabas Purificacionis beate Marie etc. Et vicecomes modo
28 347 1083 402 mandat quod idem Robertus nichil habet in balliua sua per quod potest distringi. Ideo per statutum preceptum est vicecomiti
29 389 1076 447 quod in propria persona sua accedat ad predicta tenementa vastata et ibidem coram eo venire faciat .xij. etc. et per corum
33 433 1069 486 sacramentum diligenter inquirat quod vastum quam vendicionem et destruccionem predictus Robertus fecit in tenementis predictis
31 476 1076 526 videlicet prosternendo vnam aulam precii quadraginta solidorum vnam grangiam precii triginta et duorum solidorum
31 519 1078 570 num columbare precii quatuor solidorum et quatuor pomeria in gardino precii cuiuslibet duodecim denariorum
37 561 1086 614 Et inquisicionem inde distincte et aperte factam constare faciat iusticiariis hic die Lune in prima septimana quadra
37 604 1067 658 gesime sub sigillo et sigillis etc. Et interim etc. Ad quem diem vicecomes non misit preceptum. Ideo sicut prius
43 645 1093 701 preceptum est vicecomiti quod in propria persona sua accedat ad predicta tenementa vastata Et ibidem coram eo venire faciat
50 690 1090 747 xij. etc. Et per eorum sacramentum diligenter inquirat quod vastum quam vendicionem et destruccionem predictus Robertus
41 732 1088 786 fecit in predictis tenementis etc. Et inquisicionem etc. scire faciat hic die Lune in crastino quindene Pasche sub
38 772 1096 829 sub sigillo et sigillis etc. Et interim etc. Ad quem diem venit predictus prior per predictum attornatum suum. Et vicecomes modo
40 813 1070 866 mandat inquisicionem. Que dicit quod vicecomes in propria persona sua accessit ad domos et gardinos in Rissheton
42 857 1081 916 que predictus Robertus quondam prior ecclesie beale Marie de Huntyngdon predecessor predicti prioris nunc
43 901 1071 959 dimisit predicto Roberto de Rissheton ad vitam ipsius Roberti et ibidem coram eo venire fecit Willelmum
40 939 1085 1001 Hauberge Laurencium Valouns Iohannem Lord Ricardum Burdoun Iohannem Hauberge Johannem Malesoueres
47 981 1085 1048 Stephanum Yonge Willelmum Russel Willelmum Mustel Radulfum Wrighte Henricum Wagge et Iohannem de Ay
46 1022 1092 1091 lyngton iuratores qui dicunt super sacramentum suum quod predictus Robertus de Rissheton fecit vastum et destruccionem
49 1064 1075 1129 in tenementis predictis videlicet prosternendo vnam aulam precii quad-raginta solidorum et quandam grangiam
46 1107 1086 1170 precii triginta et duorum solidorum et vnum columbare precii quatuor solidorum et quatuor pomeria in gardino
54 1147 1083 1213 precii cuiusliber duodecim denariorum --- Summa quatuor libre --- Ideo consideratum est quod predictus prior
62 1183 1080 1255 recuperet seisinam suam de predictis tenementis vastatis versus predictum Robertum et dampna sua in triplum.
56 1219 327 1266 et idem Robertus in misericordia etc.
