1122 807
5 20 1072 57 ¶ Hugo de Oseuill per Thomam de Tochewyk attornatum suum petit versus Robertum le Keu et Iohannam vxorem eius vnum
27 52 1075 88 mesuagium et vnam virgatam terre et dimidiam et quartam partem vnius virgate terre sum pertinenciis in Magna Neuton vt jus etc. per breue
24 83 1059 122 de recto clausum etc. Et vnde idem Hugo per predictum attornatum suum dicit quod quidam Walterus de Oseuill pater etc.
17 114 1067 157 de predictis tenementis cum pertinenciis suis fuit seisitus in dominico suo vt de feodo et jure tempore pacis tempore regis E. aui
17 145 1066 190 domini regis nunc capiendo inde explecia ad valenciam etc. Et de ipso Waltero descendit jus etc.cuidam Iohanni vt filio et
21 179 1081 228 heredi. Et de ipso Iohanne quia obiit sine herede de se descendit jus etc. isti Hugoni qui nunc petit vt fratri et heredi.
21 210 363 229 Et quod tale sit jus etc. offert etc.
20 241 1074 292 Et Robertus et Iohanna veniunt et defendunt jus suum quando etc. et seisinam predicti Walteri patris etc. de cuius seisina etc. vt de
25 273 1081 320 feodo etc. et jure etc. et totum etc. Et ponunt se in magnam assisam domini regis et petunt recognicionem fieri vtrum ipsi maius
25 305 1105 351 jus habeant tenendi predicta tenementa cum pertinenciis vt jus suum sicut illa tenent anpredictus Hugo habendi ea vt jus suum sicut illa petit
30 336 1113 383 etc. Dies datus fuit eis de audienda eleccione magne assise predicte hic die Jouis proximapost festum Sancte Katerine. Et tunc veniant quatuor milites etc. Ad quem diem
886 342 1098 364 veniunt partes predicte et similiter
28 367 1086 414 quatuor milites scilicet Henricus de Tychemersh Humfrydus de Bassyngbourn Thomas Curzoun et Thomas de
31 398 1060 443 Boketon jurati. Qui se ipsos elegerunt et eciam Thomam de Werdon Robertum de Hotot deClopton Willelmum de
28 428 1062 475 Raundes Iohannem Gryffyn Robertum Chaumpayne Iohannem Mallore Gilbertum de Tolthorp Galfridum Rydel
32 464 1093 508 Egidium de Cugeho Radulfum de Normanuill Iohannem de Brakenberwe et Ricardum Chaumberleyn. Ideo preceptum
34 496 987 539 est vicecomiti quod venire faciat predictos sexdecim milites hic die Jouis in octabis Sancti Andree apostoli.
32 533 1095 574 Ad quem diem veniunt partes predicte et similiter predicti Henricus de Tychemersh Humfridus de Bassyngbourn Thomas
35 565 1087 610 Cursoun Thomas de Boketon Thomas de Verdon Robertus de Hotot Willelmus de Raundes Iohannes Gryffyn
31 598 1073 641 Iohannes Mallore Gilbertus de Tholthorp Galfridus Ridel et Egidius de Cugenho milites juratiqui
38 632 1082 672 dicunt super sacramentum suum. quod predicti Robertus le Keu et Iohanna habentmaius jus tenendi predicta tenementa cum pertinencis
35 669 1081 699 vt jus suum sicut illa tenent quam predictus Hugo habendi eadem tenementa cum pertinencis vt jus suum sicut illa petit. Ideo
41 702 1081 729 consideratum est quod idem Robertus et Iohanna teneant predicta mesuagium vnam virgatam terre et dimidiam et quartam partem vnius
40 731 1078 765 virgate terre cum pertinenciis in predicta villa de Magna Neuton eis et heredibus suis quiete de predicto Hugone et heredibus
45 764 516 784 suis imperpetuum. Et Hugo in misericordia pro falso clamore etc.
