990 1142
2 9 976 56 ¶ Assisa venit recognitura si Thomas filius Roberti injuste etc. disseisivit Rogerum de Kilmescot de communa pasture sue in Brochton que
8 36 974 87 pertinet ad liberum tenementum suum in Kilmescot post primam etc. Et unde queritur quod, cum habere solebat communam pasture in quibusdam
14 69 969 118 campis que continent circiter ducentas acras tam in pratis quam in terris arabilibus in quibus solebat communicare post fena et
10 100 964 144 blada asportata cum omnimodis averiis suis, predictus Thomas ipsum impedivit quominus ibi communicare possit aliquo tempore
9 133 400 174 anni. Et Thomas venit et nichil dicit quare assisa remaneat.
12 168 977 214 Juratores dicunt quod predictus Thomas non disseisivit predictum Rogerum de predicta communa, quia dicunt quod predictus Rogerus nunquam aliquid habuit in
8 203 976 241 predicta communa nisi ex gracia et pro suo dando et aliquando faciendo sectam ad molendinum predicti Thome de Brochton. Et ideo consideratum
6 233 770 273 est quod predictus Thomas inde sine die, et Rogerus nichil capiat per assisam istam et sit in misericordia pro falso clamore.
2 274 990 319 ¶ Assisa venit recognitura si Galfridus filius Galfridi de Ledewych injuste etc. disseisivit Agnetem filiam Johannis de Bracy de libero tenemento suo
8 311 603 353 in Abbeton post primam etc. Et unde queritur quod disseisivit eam de dimidia virgata terre.
6 345 980 388 Et Galfridus venit et nichil clamat in predicta terra. Immo, dicit quod quidam Herbertus de Abbeton illam tenet et tenuit ante impetra
8 383 383 420 cionem brevis sui et de hoc ponit se super assisam.
8 415 964 477 Juratores dicunt quod predictus Galfridus non disseisivit predictam Agnetem de predicta terra, quia dicunt quod Galfridus de Ledewyk, pater predicti Galfridi
8 449 974 504 cujus heres ipse est aliquo tempore feoffavit predictam Agnetem de predicta terra et ipsam inde in plenariam seisinam posuit. Et postquam fuit
11 479 969 533 inde in bona et pacifica seisina, predictus Galfridus ante mortem suam penituit de facto suo et ipsam Agnetem ejecit de predicta terra, unde
10 511 977 564 dicunt quod, si aliqua disseisina ei inde facta fuerit, facta fuit per predictum Galfridum patrem predicti Galfridi de Ledewyk et non per ipsum Galfridum
10 543 981 599 filium suum. Et ideo consideratum est quod predictus Galfridus inde sine die, et Agnes nichil capiat per assisam istam et sit in misericordia pro falso clamore.
9 574 557 613 Et perquirat sibi per aliud breve si voluerit. Pardonatur misericordia quia infra etatem.
1 705 976 743 ¶ Assisa venit recognitura si Willelmus de Kalverhale et Johannes filius ejus injuste etc. disseisiverunt Adam filium Petri de Kalverhall et Sibillam uxorem
10 738 959 778 ejus. Ricardum le Fevre et Aliciam uxorem ejus. Willelmum filium Henrici de Wereslegh et Agnetem uxorem ejus de communa pasture sue in
780 762 905 795 de communa sua
15 771 968 814 Kalverhal que pertinet ad liberum tenementum suum in eadem villa post primam etc. Et unde queruntur quod disseisiverunt eos in triginta tribus acris
16 810 968 850 bruere in quibus communicare solebat per totum annum quousque predicti Willelmus et Johannes predictam brueram frussiverunt et
18 842 972 881 in culturam redegerunt et domos in ea construere fecerunt quominus ibidem communicare possint sicut solebant.
17 879 388 916 Et Willelmus et Johannes veniunt et nichil dicunt quare assisa remaneat.
16 917 955 968 Juratores dicunt quod predicti Willelmus et Johannes non disseisiverunt predictos Adam et Sibillam de predicta communa. quia dicunt quod lidem Willelmus et Johannes
17 954 957 1000 fuerunt in seisina de predicta frussura antequam predictus Adam desponsasset predictam Sibillam a Et ideo consideratum est quod predicti
19 987 966 1034 Willelmus et Johannes inde sine die. et predicti Adam et Sibilla quo ad hoc nichil capiant assisam istam et sint in misericordia pro falso clamore. Dicunt
16 1021 964 1073 eciam quod predicti Willelmus et Johannes disseisiverunt predictos Ricardum le Fevre et Ceciliamuxorem ejus, Willelmum flium Henrici et Agnetem uxorem ejus de
23 1056 965 1107 predicta communa injuste etc. sicut breve dicit. Ideo consideratum est quod predicti Ricardus le Fevre et alii recuperent seisinam suam per visum
22 1092 347 1134 recognitorum et Willelmus de Kaverhal et Johannes in misericordia.
