1092 1134
13 33 1057 63 ¶ Radulfus Basset de Weldon Ricardus persona ecclesie de Cranesley et Galfridus de Stanerne de Sutton attachiati
36 64 1075 91 fuerunt ad respondendum domino regi de placito quare cum dominus E. nuper rex Anglie pater domini regis nunc precepisset
38 95 1081 129 tunc vicecomiti suo comitatus predicti quod omnia bona et catalla que fuerunt Walteri de Langeton nuper Couentriensis et Lychfeldensis
39 127 1068 158 Episcopi die quo obiit qui in diuersis debitis prefato patri regis etc. --- de tempore quo fuit Thesaurarius domini E. quondam
40 160 1060 193 regis Anglie aui domini regis nunc et aliis de causis tenebatur caperet in manum suam et idem vicecomes virtute man
39 190 1078 226 dati predicti bona et catalla que fuerunt ipsius episcopi die obitus sui in manerio suo de Asshele ad valenciam trescen
37 219 1068 258 tarum librarum inuenta cepisset in manum ipsius patris domini regis nunc predicti Radulfus Ricardus et Galfridus simul cum
44 251 1041 289 Willelmo Latymere Bouchard Henrico filio Radulfi de Sutton Roberto filio Henrici de Sutton Johanne Hoggese de
40 284 1056 320 Weston Thoma Aungere de Weston Roberto Toppe de Weldon Ricardo Blome de Rokyngham et Thoma
43 313 1036 350 Petit de Sutton bona et catalla predicta in manum ipsius patris etc. sic capta et ibidem inuenta vi et armis
43 343 1059 376 ceperunt et asportauerunt in ipsius regis patris etc. et domini regis nunc preiudicium et solucionis debitorum predictorum retardacio
43 373 1050 410 nem. Et vnde Thomas de Tochewyk qui sequitur pro domino rege dicit --- quod cum lohannesde
45 407 1049 442 Aston nuper vicecomes predicti regis patris etc. comitatus predicti per preceptum ipsius regis patris etc. die Mercurii proxima post festum Apostolorum
43 439 1055 471 Simonis et lude anno regni ipsius regis patris quintodecimo bona et catalla que fuerunt predicti episcopi die quo obiit
47 468 1043 503 qui in diuersis debitis prefato regi patri tenebatur etc. scilicet frumentum ordeum auenam pisas fabas fenum foragium
47 496 1051 533 in manerio predicti episcopi de Asshele ad valenciam trescentarum librarum inuenta in manum predicti regis patris cepisset predicti
43 526 1058 566 Radulfus Ricardus persona ecclesie de Cranesley et Galfridus simul etc. bona et catalla predicta in manum ipsius regis patris etc.
49 553 1056 594 sic capta et apud manerium predictum inuenta die Lune proxima post festum Sancti Martini proximo sequenti vi et armis
53 581 1056 621 scilicet gladiis arcubus et sagittis et equis coopertis continuando de die in diem per quindecim dies proximo sequentes ceperunt
54 610 1070 648 et asportauerunt in ipsius regis patris etc. et domini regis nunc preiudicium et solucionis debitorum predictorum retardacionem. Vnde dicit
54 636 1064 676 quod dominus rex deterioratus est et dampnum habet ad valenciam mille librarum. Et hoc paratus est verificare pro rege etc.
55 664 1059 703 Et predicti Radulfus Ricardus persona ecclesie de Cranesley et Galfridus veniunt et defendunt vim et iniuriam et quiequid est in preiudicium
53 693 1059 730 regis patris etc. et preiudicium domini regis nunc quando etc. Et bene defendunt quod ipsi nulla bona seu catalla in manum domini
55 722 1045 756 regis patris etc. capta prout predictus Thomas qui sequitur pro rege eis imponit ceperunt nec asportauerunt in preiudicium etc.
58 751 1052 784 Et de hoc ponunt se super patriam. Et idem Thomas qui sequitur pro rege similiter. Ideo preceptum est vicecomiti quod venire faciat
62 778 1065 811 hic die Martis proxima post festum Sancti Hillarii. xij. etc. per quos etc. et qui nec etc. ad recognoscendum etc. quia tam etc.
57 807 1069 844 Ad quem diem venit predictus Thomas qui sequitur pro rege etc. et similiter predicti Radulfus Ricardus et Galfridus etc. et
61 838 1066 883 similiter iuratores de consensu parcium electi. Qui dicunt super sacramentum suum quod idem Radulfus Ricardus et Galfridus
64 867 1079 915 non sunt in aliquo culpabiles de transgressione predicta. Ideo consideratum est quod iidem Radulfus Ricardus et Galfridus
66 895 1081 946 eant inde sine die etc. Et super hoc veniunt predicti Willelmus Henricus Robertus Tohannes Hoggese Thomas Robertus
62 922 903 971 Ricardus Blome et Thomas per magnam districcionem etc. Ideo ipsi in misericordia pro pluribus defaltis etc.
63 953 1063 1000 Et predictus Thomas de Tochewyk qui sequitur pro rege narrat versus eos pro rege in forma supradicta de
63 983 308 1012 transgressione predicta etc.
60 1014 1049 1057 Et iidem Willelmus le Latymer et alii per Tohannem de Helpeston attornatum suum dicunt quod ipsi non sunt
63 1042 1053 1088 inde culpabiles. Et de hoc ponunt se super patriam. Et predictus Thomas qui sequitur pro rege similiter.
60 1074 443 1107 Ideo preceptum est vicecomiti quod venire faciat hic.
