1023 778
9 7 994 92 Jurata venit recognitura utrum unum mesuagium viginti et sex acras terre septem acre prati cum pertinenciis in Duddebir sint libera
22 50 966 136 elemosina pertinens ad ecclesiam de Duddebir unde Willelmus de Ros est persona an laicum feodum Roberti de Furches
25 94 969 176 Willelmi Lenfaunt et Johannis Blodenoch unde predictus Robertus xx acras terre et septem acras prati predictus Willelmus sex acras
25 134 986 220 predictus Johannes predictum mesuagium inde tenent. Et unde predictus Willelmus dicit quod quidam Osbertus predecessor suus quondam
28 175 992 262 persona predicte ecclesie fuit seisitus de predictis tenemento et mesuagio in dominico suo ut de feodo et jure tempore regis Ricardi avunculi
34 216 904 309 domini regis nune capiendo inde explecia ad valenciam etc. Et dicit quod idem Osbertus tenementa illa alienavit etc.
33 250 1006 347 Et Robertus et alii veniunt et predictus Willelmus vocat ad warantum predictum Robertum qui presens est et ei warantizat. Et tam
38 289 1002 391 de terra quam tenet quam de illa quam ei warantizat vocat ad warantum Ranulfum filium Walteri de Harpecote. Et Johanne
38 330 981 430 Blodenoch similiter vocat ad warantum predictum Ranulfum. Habeant eos die martis proxima post octabas Sancti Hillarii per auxilium curie.
34 374 1004 466 Postea ad diem illum non venit predictus Ranulfus. Et vicecomes testatur summonicionem. Ideo ipse resummoneatur quod sit die mercurii proxima post
40 414 994 504 festum Conversionis Sancti Pauli. Postea ad diem illum venit predictus Ranulfus et cos warantizat. Et dicit quod predicta tenementa
42 458 998 546 non sunt libera elemosina pertinens ad predictam ecclesiam, quia dicit quod predictus Osbertus nec aliquis predecessorum suorum unquam
45 507 995 583 fuit inde in seisina ut de libera elemosina pertinente ad predictam ecclesiam. Dicit enim quod nichil inde habuit nisi
48 554 923 626 redditum provenientem de predicto tenemento ita quod nichil inde habuit in dominico. Et de hoc ponit se super juratam.
47 606 1001 674 Juratores dicunt quod predicta tenementa sunt libera elemosina pertinens ad predictam ecclesiam de Duddebyr et non laicum
45 647 918 721 feodum predicti Ranulfi. Et ideo consideratum est quod predictus Willelmus de Ros recuperet seisinam suam et quod predicti
53 694 770 763 Robertus Willelmus et Johannes habeant de terra predicti Ranulfi ad valenciam. Et Ranulfus in misericordia.
