938 835
4 6 917 63 Willelmus de Childegate appellat per breve domini regis Willmum Thorel, Joceum Haket, Ricardum Haket, Thomam Thock
14 47 913 105 et Johannem Festhard quod ubi fuit in pace domini regis apud Westurroke ante hostium coquine predicti Willelmi circa
20 89 908 150 horam vesperam die veneris proximo ante festum Sancti Philippi ante portam latinam anno xxxviii venerunt
480 110 554 152 et ligaverunt
23 126 915 192 predicti Willemus et alii et ipsum ceperunt et inprisonaverunt in Curia ejusdem Willemi et ipsum in prisona de
22 167 906 235 tinuerunt per duos dies quousque deliberatus fuit per breve domini regis. Et cum ipsum abire permiserunt predictum
33 208 907 276 Willelmum verberaverunt et male-tractaverunt contra pacem etc. Et quod hoc fecit nequiter et in felonia et contra
28 265 264 319 pacem domini regis offert. etc.
27 296 920 369 Et Willelmus Thorel, Joceus et alii veniunt et defendunt feloniam, inprisonamentum et quicquid est contra pacem
34 334 920 408 domini regis. Et petunt sibi allocari quod quando hoc factum fieri debuit utesium non fuit levatum nec unquam postea
37 377 918 451 in comitatu presentatum. Et quia hoc convictum per coronatores et juratores consideratum est quod appellum ejus nullum per
40 417 906 495 quod etc. Set pro pace domini regis observanda inquiratur veritas per patriam. Et juratores dicunt super sacramentum suum quod
37 461 903 539 culpabiles sunt de inprisonamento et non de verberatura. Ideo consideratum est quod predictus Willelmus de Childegate
38 506 735 580 committatur Gaole pro falso appello. Et predicti Willelmus Torel et alii custodiantur pro transgressione.
44 539 919 622 Et Ricardus le Clav et Johannes Festhard non venerunt. Et predictus Willelmus Torel manucepit habere ipsos coram justiciariis
44 606 237 662 et modo non habet. Ideo in misericordia.
43 612 914 702 Post venit predictus Willelmus Thorel et finem fecit pro se et omnibus alis appellatis per C solidos
51 700 117 745 per plegios.
47 726 932 810 Post venit predictus Willelmus de Childegate et finem fecit per dimidiam marcam per plegium Henrici de Helgheton.
