1123 277
3 9 1101 59 a Willelmus de ffilgraue felonice interfecit Iohannem Walram in abbathia sancti Iacobi extra Northamton. anno regni reg. Edwardi patris
1 40 1101 92 regis nunc tercio, et statim post factum fugit Ideo catalla eius confiscantur pro fuga. Catalla eius .xj. s. viij. d. vnde vicecomes respondeat.
2 76 1084 132 Postea iuratores testantur quod predictus Willelmus captus fuit et liberatus in custodia Iohannis de Wyleby tunc vicecomitis Northamton. Ideo .
8 106 1103 163 respondeat Robertus filius et heres eiusdem Johannis quo deuenit. etc. Primus inuentor obiit. --- Postea compertum est per
13 136 1097 195 rotulos coronatoris quod predictus Willelmus a custodia Nicholai de Segraue tunc constabularii castri Northamton felonice euasit. Ideo
5 163 1095 224 ad iudicium de euasione ipsius Willelmi super tenentes terrarum ipsius Nicholai, Et postquam sic euasit captus fuit et ductus ad
11 210 805 253 gaolam praedictam et ibidem obiit in prisona prout compertum est per eosdem rotulos coronatoris etc.
