1087 447
2 30 1043 69 ¶ Iohanna que fuit vxor Roberti filii Henrici le Clerk de Stane Wygg petit versus Iohannem de Assheton iuniorem vnum
25 67 1034 96 mesuagium viginti et quatuor acras terre et quinque acras prati cum pertinencis in Stane Wygg---vtius
16 96 1047 128 et maritagium suum et in que idem Iohannes non habet ingressum nisi per Iohannem de Assheton seniorem cui predictus Robertus
22 134 832 158 quondam vir ipsius Iohanne illa dimisit cui ipsa in vita sua contradicere non potuit etc.
23 159 1042 189 Et Iohannes venit et defendit ius suum quando etc. Et dicit quod predicta Iohanna nichil iuris clamare potest in predictis
27 193 1033 219 tenementis per formam predictam. Quia dicit quod predicta tenementa fuerunt coniunctum perquisitum predicti Roberti quondam viri etc. et
32 225 1052 250 eiusdem Iohanne de dono cuiusdam Iohannis Wyth qui ipsos inde feoffauit tenenda eisdem Roberto et Iohanne et heredibus
35 255 1063 283 ipsius Roberti et non jus et maritagium eiusdem Iohanne sicut per breue suum supponit. Et de hoc ponit se super patriam.
30 289 1059 312 Et Iohanna similiter. Ideo preceptum est vicecomiti quod venire faciat hic die Sabati proximo post festum Sancti Nicholai . xij. etc. per quos
25 319 1054 344 etc. et qui nec etc. quia tam etc. Et Ad quem diem venerunt partes et similiter iuratores qui dicunt super
28 346 1049 374 sacramentum suum quod predictus Iohannes Wyth dedit predicta tenementa predictis Roberto filio Henrico et Iohanne vxori eius et heredibus
30 373 1067 403 ipsius Roberti et non in maritagium eiusdem Iohanne. Ideo consideratum est quod predictus Iohannes eat inde sine die. Et predicta
26 402 666 435 Iohanna nichil capiat per breue suum set sit in misericordia pro falso clamore etc.
