1086 606
20 17 1046 63 Alicia que fuit vxor Iohannis de Burcote petit versus Scolasticam que fuit vxor Godefridi the Mewes duas solidatas et octo
23 49 1066 89 denarratas redditus et duas partes vnius mesuagii cum pertinenciis in Gayton et versus Willelmum Louel chiualer et Margeriam
28 79 1055 120 vxorem eius sexdecim denarratas redditus et terciam partem vnius mesuagii cum pertinencis in eadem villa quas clamat tenere
29 109 1057 149 sibi et heredibus de corpore suo et corpore predicti Iohannis quondam viri sui exeuntibus ex dimissione Sibille de Gayton et
31 139 1037 176 in quas jdem Scolastica Willelmus et Margeria non habent ingressum nisi post dimissionem quam predictus Iohannes quondam vir ipsius
31 169 1047 206 Alicie cui ipsa in vita sua contradicere non potuit inde fecit Philippo de Gayton. Et vnde eadem Alicia dicit quod predictus
28 198 1051 238 Iohannes quondam vir suus et ipsa seisiti fuerunt de predictis tenementis vt de feodo et de iure etc. per formam donacionis etc. tempore pacis
29 227 1043 265 tempore domini E. regis aui domini regis nune capiendo inde expletia ad valenciam etc. et in quas etc. Et inde producit
28 263 127 291 sectam etc.
424 265 660 297 quo ad tenementa versus eam petita
17 288 1037 332 Et Scolastica et alii veniunt et predicta Scolastica defendit jus suum quando etc. et dicit quod predicta Alicia nichil uris clamare
23 312 1041 364 potest in tenementis illis. Quia dicit quod cum predicta Alicia per breue suum supponitpredictam Sibillam dimisisse predicta tenementa versus
21 341 1048 394 eam petita predicto Iohanni quondam viro etc. et predicte Alicie et heredibus de corporibus suis exeuntibus eadem Alicia nunquam aliquid
21 366 1053 424 habuit in eisdem tenementis --- nisi vt vxor ipsius Iohannis. Et de hoc ponit se super patriam. Et predicta
23 398 1049 454 Alicia similiter. Ideo preceptum est vicecomiti quod venire faciat hic die Mercurii proxima post festum Sancti Hillarii . xij. per quos etc. Et qui
21 427 1036 480 nec etc. ad recognoscendum etc. Quia tam etc. Postea ad diem illum veniunt partes predicte et similiter Iuratores qui dicunt super
20 459 1055 511 sacramentum suum quod predicta Sibilla de Gayton dimisit predicta tenementa cum pertinenciis predicto Iohanni de Burcote quondam
16 490 1064 542 viro ipsius Alicie et ipsi Alicie tenenda sibi et heredibus de corporibus suis exeuntibus sicut predicta Alicia
18 522 1071 574 per breue suum supponit. Ideo consideratum est quod predicta Alicia recuperet inde seisinam suam versus predictam
18 556 491 592 Scolasticam. Et predicta Scolastica in misericordia etc.
