1096 1073
20 15 1063 41 ¶ Willelmus Cok de Brickelesworth et Alianora vxor eius Simon le Warde et Alicia vxor eius Simon filius Iohannis Curteys
25 48 1073 76 et Matillis que fuit vxor Roberti de Draghton summoniti fuerunt ad respondendum Willelmo Broun de Glapthorn de placito quod
21 80 1047 109 permittant ipsum presentare idoneam personam ad ecclesiam de Desburgh que vacat et ad suam spectat donacionem etc.
21 117 1080 143 Et vnde idem Willelmus Broun dicit quod quidam Ricardus Broun fuit seisitus de no mesuagio cum pertinencis in Desburgh ad
892 134 1035 145 ad eandem ecclesiam
18 150 1078 173 quod aduocacio ecclesie predicte pertinet tempore pacis tempore domini E. regis aui domini regis nunc et eodem tempore presentauit
19 188 1075 207 quendam Stephanum Broun clericum suum qui ad presentacionem suam fuit admissus et institutus tempore pacis tempore
389 205 535 217 sine herede de se
18 223 1088 240 eiusdem regis etc. Et de ipso Ricardo quia obiit etc. descendit Ius etc. cuidam Rogero vt fratri et heredi qui quidem Rogerus ecclesia
13 256 1082 273 predicta vacante per mortem predicti Stephani ad eandem ecclesiam presentauit quondam Willelmum Dilcok clericum suum qui
16 295 1081 309 ad presentacionem suam fuit admissus et institutus tempore pacis tempore domini E. regis patris domini regis nunc. Qui quidem
12 332 1089 349 Rogerus de predicto mesuagio cum pertinencis ad quod etc. feoffauit Willelmum Broun patrem predicti Willelmi Broun cuius heres ipse
9 366 1080 386 est qui quidem Willelmus ecclesia predicta vacante per morte predicti Willelmi Dilcok ad eandem ecclesiam presentauit quondam
9 403 1068 422 Stephanum Broun qui ad presentacionem suam fuit admissus et institutus tempore pacis tempore domini regis nunc per cuius
9 437 1087 455 mortem ecclesia predicta modo vacat. Et de ipso Willelmo Broun patre etc. descendit ius etc. isti Willelmo Broun vt filio et heredi
9 473 1067 494 qui nunc queritur. Et sic pertinet ad predictum Willelmum Broun de Glapthorn ad ecclesiam predictam presentare. Predicti Willelmus
9 507 1065 527 Cok et alii ipsum iniuste impediunt vnde dicit quod deterioratus est et dampnum habet ad valenciam viginti librarum et
10 542 230 554 inde producit sectam etc.
8 575 1063 594 Et predicti Willelmus Cok Alianora Simon Alicia Simon et Matillis per Rogerum de Brampton attornatum suum veniunt et
7 609 1066 629 defendunt vim et iniuriam quando etc. Et dicunt quod vbi predictus Willelmus Broun de Glapthorn asserit predictam ecclesiam
5 645 1078 664 vacare per mortem predicti Stephani Broun per predictum Willelmum Broun patrem ipsius Willelmi Broun de Glapthorn presentati
10 677 888 697 eadem ecclesia non vacat per mortem eiusdem Stephani. Et hoc pretendunt verificare vnde petunt Iudicium etc.
6 712 1091 736 Et idem Willelmus Broun de Glapthorn dicit quod eadem ecclesia vacat per mortem eiusdem Stephani. Et hoc petit quod inquiratur
6 743 1080 770 per patriam. Et predicti Willelmus Cok et alii similiter. Ideo preceptum est vicecomiti quod venire faciat hic die Sabati proximo post octabas Purificacionis
10 776 1073 806 beate marie .xij. etc. per quos etc. et qui nec etc. ad recognoscendum etc. quia tam etc.Ad quem diem veniunt partes predicte
9 809 1096 840 Et similiter iuratores de consensu parcium electi qui dicunt super sacramentum suum quod ecclesia predicta vacat per mortem predicti Stephani
9 843 1087 874 presentati per Willelmum Broun patrem ipsius Willelmi qui nunc queritur etc. Ideo consideratum est quod predictus Willelmus Broun de
17 874 1083 905 Glapthorn recuperet presentacionem suam ad predictam ecclesiam. Et habeat breue episcopo loci quod non obstante reclamacione
12 905 1090 942 predictorum Willelmi Cok Alianore Simonis Alicie Simonis et Matillidis ad presentacionem predicti Willelmi Broun de Glapthorn
15 938 1074 979 ad predictam ecclesiam Idoneam personam admittat. Et predicti Willelmus Cok Alianora Simon et Alicia Simon et Matillis
9 970 122 981 in misericordia etc.
6 1001 987 1041 Nichil de dampnis quia predictus Willelmus Broun de Glapthorn gratis remittit ea eis hic in curia etc.
