1151 1935
9 24 1110 74 Robertus filius Iacobi de Haselbech petit versus Adam Astel vnam virgatam terre cum pertinencis in Haselbech vt jus et heredi
17 61 1133 107 tatem suam et in quam jdem Adam non habet ingressum nisi post dimissionem quam Iohannes le Clerk de Haselbech
17 103 1131 144 auus predicti Roberti cuius heres ipse est inde fecit Willelmo de Haselbech ad terminum qui preteriit et que post terminum
20 144 1124 181 illum ad prefatum Robertum reuerti debet etc. Et vnde jdem Robertus dicit quod predictus Iohannes auus etc. de predicta
22 184 1129 218 terra fuit seisitus in dominico suo vt de feodo et jure tempore pacis tempore H. regis proaui domini regis nunc capien
21 222 1123 255 do inde explecia ad valenciam etc. Et de predicto Iohanne descendit jus etc. cuidam Iacobo vt filio et heredi. Et de
28 259 1124 293 ipso Iacobo descendit jus etc. isti Roberto qui nunc petit vt filio et heredi etc. Et in que etc. Et inde producit
28 314 141 330 sectam etc.
28 336 1139 364 Et Adam venit et defendit jus suum quando etc. Et petit quod predictus Robertus ostendat Curie si quod factum habeat speciale
28 370 499 397 de predicta dimissione facta ad terminum qui preteriit etc.
33 404 1125 432 Et jdem Robertus nichil inde ostendit nec aliquid aliud dicit nisi quod ipse paratus est illam dimissionem per pa
41 445 233 463 triam verificare etc.
38 469 1126 504 Et Adam dicit quod jdem Robertus ad aliquam verificacionem patrie in casu isto admitti non debet. quia dicit
43 505 1128 538 quod predictus Iohannes quem jdem Robertus per breue suum supponit dimissionem predictam fecisse predicto Willelmo ad terminum
37 544 1107 571 qui preteriit per cartam suam dedit predictam terram predicto Willelmo et heredibus suis in feodo tenendam imperpetuum. Et
41 577 1108 606 profert eandem cartam que donum illud in feodo factum testatur. Et petit judicium si jdem Robertus contra factum predicti
50 609 1115 641 Iohannis aui sui cuius heres ipse est accionem habere possit etc. desicut jdem Robertus de dimissione facta ad
51 647 1103 676 terminum nichil ostendit etc. Ita quod pendente inde inter eos placito vt de die in diem vsque diem Lune
51 680 1130 715 proximam post festum Purificacionis Beate Marie veniunt partes predicte. Et jdem Robertus predictam verificacionem patrie vt prius pretendens
59 714 1114 747 dicit vlterius quod inter predictos Iohannem et Willelmum super predicta dimissione conuenit quod idem Iohannes soluere tenebatur
58 750 1113 783 predicto Willelmo viginti et octo marcas certis terminis in quodam scripto inter eos indentato contentis soluendas pro
60 781 1120 816 quibus denaris jdem Iohannes ipsum Willelmum de predicta terra et de quibusdam alis tenementis in seisinam posuit tali condicione
63 817 1108 848 tenendis quod si jdem Iohannes aut heredes sui soluerent predicto Willelmo aut heredibus suis predictos denarios terminis
62 854 1107 887 prenotatis quod tota terra et tenementa predicta prefato Iohanni et heredibus suis quiete reuerterentur et quod quedam carta pro se
64 889 1114 924 curitate termini predicti inde confecta et ad manus Prioris Sancti Bartholomei London tradita custodienda prefato
66 923 1113 961 Johanni liberaretur et si in solucione dicte peccunie ad aliquem terminum defecerit dicta terra cum pertinenciis prefato Willelmo et
69 955 1098 991 heredibus suis imperpetuum remaneret. Et dicit quod idem Iohannes predictos denarios terminis predictis totaliter
67 989 1108 1023 persoluebat iuxta conuencionem predictam. Et hoc paratus est verificare per patriam vt prius. Et profert parte
69 1026 743 1052 predicti scripti indentati que conuencionem illam testatur etc. vnde petit iudicium etc.
67 1057 1123 1096 Et Adam dicit quod predictus Robertus ad illam verificacionem patrie ad presens attingere non debet quia dicit quod cum
73 1088 1130 1127 quesitum fuisset ab eodem si aliquod factum dimissionem predictam ad terminum factam testificans habuisset nichil inde
75 1113 124 1131 tunc
64 1122 1119 1162 ostendebat nisi tantum verificacionem patrie que vt premittitur contra cartam antecessoris sui de iure non fuit nec est ad
75 1154 1106 1193 mittenda. Et petit ex quo idem Robertus est heres sanguine predicti Iohannis quod ad cartam illam respondeat etc.
78 1190 1114 1223 Et idem Robertus non dedicit predictam cartam esse factum predicti Iohannis aui etc. set dicit quod per cartam illam a verificacione
79 1223 1114 1259 patrie quam superius pretendebat repelli non debet. Quia dicit quod per cartam illam predictus Willelmus nuncquam aliquem
83 1261 1109 1295 statum habuit in predicta terra nec seisina e inde per cartam illam vncquam extitit liberata immo ad terminum qui
81 1297 1019 1326 preteriit virtute predicti scripti indentati et non in feodo virtute carte predicte. Vnde petit judicium etc.
87 1332 1115 1368 Et Adam dicit ex quo predictus Robertus superius cognouit predictam cartam de feodo esse factum predicti Iohannis aui etc. et
92 1350 1101 1389 ad eandem euacuandam allegat seisinam predicte terre predicto Willelmo fuisse liberatam virtute predicti scripti indentati et
90 1386 1123 1428 eciam quod predicti denari soluti fuerunt terminis predictis et nullam acquietanciam de solucione illa pretendit petit judicium
344 1404 770 1437 que testatur solucionem predictorum denariorum fuisse factam etc.
87 1425 652 1447 si ad talem allegacionem sine acquietancia admitti debeat etc.
90 1461 1113 1491 Et Robertus dicit quod eidem Ade qui nec est heres nec executor predicti Willelmi immo omnino extraneus non
91 1491 1121 1533 habet necesse aliquam acquietanciam inde ostendere cum ipse paratus sit per patriam verificare solucionem predictorum denariorum
94 1525 1112 1564 plenarie factam fuisse predicto Willelmo apud Haselbech per quod seisina predicta tunc fuit adnullata per formam
675 1555 764 1573 necessario
944 1562 1129 1586 recusat et petit judicium etc.
94 1562 1103 1606 conuencionis predicte. Vnde videtur ei quod verificacio patrie in hoc casu est admittenda quam verificacionem idem Adam admittere
90 1599 1115 1648 Et Adam dicit quod quamuis ipse sit extraneus predicto Willelmo tamen ipse est tenens predicte terre racione cuius eodem
94 1631 1127 1685 beneficio juris in casu isto gaudere debet quali predictus Willelmus gauderet. Set ad hoc quod predictus Iohannes dum
97 1667 1114 1719 vixit se monstrare poterit fore quietum versus predictum Willelmum de predicto debito oporteret ipsum acquietancias osten
94 1704 1107 1755 dere vnde petit judicium si jdem Robertus sine acquietancia ad verificacionem patrie quam pretendit contra te
98 1743 1093 1786 norem predicti scripti indentati quod est mere obligatorium admitti debeat etc. Dies datus est eis de
95 1774 1095 1823 audiendo inde judicio suo hic a die Pasche in . xv. dies saluis partibus hine inde racionibus suis etc. Ad
94 1812 1118 1862 quem diem venit predictus Adam et optulit se versus predictum Robertum de predicto placito. Et ipse non venit. Et fuit petens.
93 1849 1117 1897 Ideo consideratum est quod predictus Adam eat inde sine die et predictus Robertus et plegii sui de prosequendo in misericordia. Que
98 1885 308 1903 rantur nomina plegiorum etc.
