1086 606
20 23 1046 57 Alicia que fuit vxor Iohannis de Burcote petit versus Scolasticam que fuit vxor Godefridi the Mewes duas solidatas et octo
23 55 1066 83 denarratas redditus et duas partes vnius mesuagii cum pertinenciis in Gayton et versus Willelmum Louel chiualer et Margeriam
28 85 1055 114 vxorem eius sexdecim denarratas redditus et terciam partem vnius mesuagii cum pertinencis in eadem villa quas clamat tenere
29 115 1057 143 sibi et heredibus de corpore suo et corpore predicti Iohannis quondam viri sui exeuntibus ex dimissione Sibille de Gayton et
31 145 1037 170 in quas jdem Scolastica Willelmus et Margeria non habent ingressum nisi post dimissionem quam predictus Iohannes quondam vir ipsius
31 175 1047 200 Alicie cui ipsa in vita sua contradicere non potuit inde fecit Philippo de Gayton. Et vnde eadem Alicia dicit quod predictus
27 204 1051 232 Iohannes quondam vir suus et ipsa seisiti fuerunt de predictis tenementis vt de feodo et de iure etc. per formam donacionis etc. tempore pacis
29 233 1043 259 tempore domini E. regis aui domini regis nune capiendo inde expletia ad valenciam etc. et in quas etc. Et inde producit
28 269 127 285 sectam etc.
424 271 660 291 quo ad tenementa versus eam petita
17 294 1037 326 Et Scolastica et alii veniunt et predicta Scolastica defendit jus suum quando etc. et dicit quod predicta Alicia nichil uris clamare
23 318 1042 358 potest in tenementis illis. Quia dicit quod cum predicta Alicia per breue suum supponitpredictam Sibillam dimisisse predicta tenementa versus
21 347 1049 388 eam petita predicto Iohanni quondam viro etc. et predicte Alicie et heredibus de corporibus suis exeuntibus eadem Alicia nunquam aliquid
21 372 1054 418 habuit in eisdem tenementis --- nisi vt vxor ipsius Iohannis. Et de hoc ponit se super patriam. Et predicta
23 404 1050 448 Alicia similiter. Ideo preceptum est vicecomiti quod venire faciat hic die Mercurii proxima post festum Sancti Hillarii . xij. per quos etc. Et qui
21 433 1036 474 nec etc. ad recognoscendum etc. Quia tam etc. Postea ad diem illum veniunt partes predicte et similiter Iuratores qui dicunt super
20 465 1056 505 sacramentum suum quod predicta Sibilla de Gayton dimisit predicta tenementa cum pertinenciis predicto Iohanni de Burcote quondam
16 496 1065 536 viro ipsius Alicie et ipsi Alicie tenenda sibi et heredibus de corporibus suis exeuntibus sicut predicta Alicia
17 528 1071 568 per breue suum supponit. Ideo consideratum est quod predicta Alicia recuperet inde seisinam suam versus predictam
17 562 491 586 Scolasticam. Et predicta Scolastica in misericordia etc.
