1115 1286
2 28 1073 60 ¶ Prior ecclesie beate Marie de Huntyngdon per Wile cum deconet attornatum suum optulit se versus Robertum de Rissheton
21 68 1066 96 de placito quare cum de communi consilio regni regis prouisum sit quod non liceat alicui vastum vendicionem seu des
22 109 1081 144 truccionem facere de terris domibus boscis seu gardinis sibi dimissis ad terminum vite vel annorum idem Robertus
22 153 1081 184 de domibus et gardinis in Rissheton que Robertus quondam prior ecclesie beate Marie de Huntyngdon prede
21 192 1076 219 cessor predicti prioris ei dimisit ad vitam ipsius Roberti de Rissheton fecit vastum vendicionem et destruc
20 237 1089 270 cionem ad exheredacionem ecclesie ipsius prioris beate Marie de Huntyngdon et contra formam prouisionis predicte
23 256 461 279 quod continuato inde processu secundum formam statuti etc.
18 279 1083 313 etc. Et ipse non venit Ita preceptum fuit vicecomiti quod distringeret eum per omnes terras etc. Et quod de exitibus etc. Et quod
18 322 1089 349 haberet corpus eius hic ad hune diem scilicet die Sabati proximo post octabas Purificacionis beate Marie etc. Et vicecomes modo
28 363 1083 393 mandat quod idem Robertus nichil habet in balliua sua per quod potest distringi. Ideo per statutum preceptum est vicecomiti
29 405 1076 438 quod in propria persona sua accedat ad predicta tenementa vastata et ibidem coram eo venire faciat .xij. etc. et per corum
32 449 1069 477 sacramentum diligenter inquirat quod vastum quam vendicionem et destruccionem predictus Robertus fecit in tenementis predictis
30 492 1076 517 videlicet prosternendo vnam aulam precii quadraginta solidorum vnam grangiam precii triginta et duorum solidorum
31 535 1079 561 num columbare precii quatuor solidorum et quatuor pomeria in gardino precii cuiuslibet duodecim denariorum
36 577 1086 605 Et inquisicionem inde distincte et aperte factam constare faciat iusticiariis hic die Lune in prima septimana quadra
37 620 1067 649 gesime sub sigillo et sigillis etc. Et interim etc. Ad quem diem vicecomes non misit preceptum. Ideo sicut prius
42 661 1094 692 preceptum est vicecomiti quod in propria persona sua accedat ad predicta tenementa vastata Et ibidem coram eo venire faciat
49 706 1090 738 xij. etc. Et per eorum sacramentum diligenter inquirat quod vastum quam vendicionem et destruccionem predictus Robertus
39 748 1088 777 fecit in predictis tenementis etc. Et inquisicionem etc. scire faciat hic die Lune in crastino quindene Pasche sub
37 788 1097 820 sub sigillo et sigillis etc. Et interim etc. Ad quem diem venit predictus prior per predictum attornatum suum. Et vicecomes modo
39 829 1070 857 mandat inquisicionem. Que dicit quod vicecomes in propria persona sua accessit ad domos et gardinos in Rissheton
41 873 1081 907 que predictus Robertus quondam prior ecclesie beale Marie de Huntyngdon predecessor predicti prioris nunc
43 917 1071 950 dimisit predicto Roberto de Rissheton ad vitam ipsius Roberti et ibidem coram eo venire fecit Willelmum
40 955 1085 992 Hauberge Laurencium Valouns Iohannem Lord Ricardum Burdoun Iohannem Hauberge Johannem Malesoueres
47 997 1085 1039 Stephanum Yonge Willelmum Russel Willelmum Mustel Radulfum Wrighte Henricum Wagge et Iohannem de Ay
46 1038 1092 1082 lyngton iuratores qui dicunt super sacramentum suum quod predictus Robertus de Rissheton fecit vastum et destruccionem
49 1080 1075 1120 in tenementis predictis videlicet prosternendo vnam aulam precii quad-raginta solidorum et quandam grangiam
46 1123 1086 1161 precii triginta et duorum solidorum et vnum columbare precii quatuor solidorum et quatuor pomeria in gardino
54 1163 1083 1204 precii cuiusliber duodecim denariorum --- Summa quatuor libre --- Ideo consideratum est quod predictus prior
62 1199 1080 1246 recuperet seisinam suam de predictis tenementis vastatis versus predictum Robertum et dampna sua in triplum.
56 1235 327 1257 et idem Robertus in misericordia etc.
