1122 807
6 11 1072 63 ¶ Hugo de Oseuill per Thomam de Tochewyk attornatum suum petit versus Robertum le Keu et Iohannam vxorem eius vnum
27 43 1074 94 mesuagium et vnam virgatam terre et dimidiam et quartam partem vnius virgate terre sum pertinenciis in Magna Neuton vt jus etc. per breue
24 74 1059 128 de recto clausum etc. Et vnde idem Hugo per predictum attornatum suum dicit quod quidam Walterus de Oseuill pater etc.
17 105 1066 163 de predictis tenementis cum pertinenciis suis fuit seisitus in dominico suo vt de feodo et jure tempore pacis tempore regis E. aui
17 136 1065 196 domini regis nunc capiendo inde explecia ad valenciam etc. Et de ipso Waltero descendit jus etc.cuidam Iohanni vt filio et
21 170 1080 234 heredi. Et de ipso Iohanne quia obiit sine herede de se descendit jus etc. isti Hugoni qui nunc petit vt fratri et heredi.
21 201 363 235 Et quod tale sit jus etc. offert etc.
20 232 1073 298 Et Robertus et Iohanna veniunt et defendunt jus suum quando etc. et seisinam predicti Walteri patris etc. de cuius seisina etc. vt de
25 264 1081 326 feodo etc. et jure etc. et totum etc. Et ponunt se in magnam assisam domini regis et petunt recognicionem fieri vtrum ipsi maius
25 296 1104 357 jus habeant tenendi predicta tenementa cum pertinenciis vt jus suum sicut illa tenent anpredictus Hugo habendi ea vt jus suum sicut illa petit
30 327 1112 389 etc. Dies datus fuit eis de audienda eleccione magne assise predicte hic die Jouis proximapost festum Sancte Katerine. Et tunc veniant quatuor milites etc. Ad quem diem
886 333 1098 370 veniunt partes predicte et similiter
28 358 1086 420 quatuor milites scilicet Henricus de Tychemersh Humfrydus de Bassyngbourn Thomas Curzoun et Thomas de
31 389 1060 449 Boketon jurati. Qui se ipsos elegerunt et eciam Thomam de Werdon Robertum de Hotot deClopton Willelmum de
28 419 1062 481 Raundes Iohannem Gryffyn Robertum Chaumpayne Iohannem Mallore Gilbertum de Tolthorp Galfridum Rydel
32 455 1093 514 Egidium de Cugeho Radulfum de Normanuill Iohannem de Brakenberwe et Ricardum Chaumberleyn. Ideo preceptum
34 487 987 545 est vicecomiti quod venire faciat predictos sexdecim milites hic die Jouis in octabis Sancti Andree apostoli.
32 524 1095 580 Ad quem diem veniunt partes predicte et similiter predicti Henricus de Tychemersh Humfridus de Bassyngbourn Thomas
35 556 1086 616 Cursoun Thomas de Boketon Thomas de Verdon Robertus de Hotot Willelmus de Raundes Iohannes Gryffyn
31 589 1072 647 Iohannes Mallore Gilbertus de Tholthorp Galfridus Ridel et Egidius de Cugenho milites juratiqui
38 623 1082 678 dicunt super sacramentum suum. quod predicti Robertus le Keu et Iohanna habentmaius jus tenendi predicta tenementa cum pertinencis
35 660 1081 705 vt jus suum sicut illa tenent quam predictus Hugo habendi eadem tenementa cum pertinencis vt jus suum sicut illa petit. Ideo
41 693 1081 735 consideratum est quod idem Robertus et Iohanna teneant predicta mesuagium vnam virgatam terre et dimidiam et quartam partem vnius
40 722 1078 771 virgate terre cum pertinenciis in predicta villa de Magna Neuton eis et heredibus suis quiete de predicto Hugone et heredibus
45 755 516 790 suis imperpetuum. Et Hugo in misericordia pro falso clamore etc.
