1121 1171
5 7 1111 83 ¶ Assisa venit recognitura si Willelmus de Sancto Mauro senior iniuste etc. disseisiuit Willelmum Broun de Glapthorn de communa pasture
38 45 1101 114 sue in Hanyngton que pertinet ad liberum tenementum suum in eadem villa post primam etc. Et vnde queritur quod disseisiuit eum de
38 77 1094 141 communa pasture communicandi in sex acris prati cum omnimodis auseris --- quolibet anno a tempore falcacionis
40 110 1086 174 et leuacionis feni vsque ad festum Purificacionis Beate Marie. Et Willelmus de Sancto Mauro venit et dicit quod assisa non
168 151 230 184 inter eos
43 139 1097 208 debet inde fieri dicit enim quod tempore regis E. patris domini regis nunc tam tenementa ipsius Willelmi Broun ad que
45 177 1100 242 dicit communam pasture in predicto prato esse pertinentem quam ipsum pratum quod idem Willelmus de Sancto Mauro nunc tenet
49 211 1098 274 fuerunt in seisina cuiusdam Radulfi de Hanyngton in dominico suo vt de feodo quo tempore communa pasture in aliquo
32 248 1109 313 proprio solo suo ad aliquod aliud proprium solum eiusdem non pertinuit nec de iure dici potuit pertinere cum durante possessione
42 275 1096 337 predicti Radulfi de vtroque tenemento simul et semel nulla dependencia commune in no predictorum tenementorum ad aliud tenementum attrahi
41 299 1107 363 potuit. Vnde petit iudicium etc. Et Willelmus Broun non dedicit quin vtraque tenementa predicta fuerunt simul et
41 323 1102 391 semel in seisina predicti Radulfi. Set dicit quod ipse habet in predicta villa diuersas antiquas tenuras ad quas communa
44 351 1113 421 pasture in predicto prato pertinet et ab antiquo pertinuit de qua tam ipsemet quam Willelmus pater eius et Robertus
46 379 1108 449 auunculus eius quam eciam alii ipsa tenementa tenentes fuerunt seisiti vt pertinente etc. Vnde cum predictus
42 409 1100 480 Willelmus de Sancto Mauro nullam separalitatem in predicto prato allegat fuisse tempore predicti Radulfi et idem
45 438 1099 511 Willelmus Broun propriam possessionem suam de predicta communa paratus sit verificare per assisam petit iudicium
49 475 1088 541 si ab assisa ista repelli debeat etc. Et Willelmus de Sancto Mauro dicit quod ex quo predictus Willelmus
45 500 1092 571 Broun non dedicit vnicam seisinam predicti Radulfi in forma predica in vtroque tenemento habitamcuius seisina
48 532 1096 601 omnimodam communam exclusit de iure et idem Willelmus nullum titulum ostendit per quem ius communicandi
53 565 1109 631 ibidem ei accrescere potuit post seisinam predicti Radulfi predictam petit iudicium si ad aliquam possissionem
50 594 1105 661 commune sicut predicitur excluse verificandam de tam tardo tempore admitti debeat nisi de aliquo nouo titulo
54 626 1104 693 communam attribuente docere possit etc. --- Et Willelmus Broun dicit quod diuerse tenure terrarum et pratorum in predicta
60 655 1081 725 villa de Hanyngton sparsim iacent racione quarum quilibet tenens in alterius tenuris semper
58 678 1089 756 hactenus a tempore quo non extat memoria post vesturam asportatam intercommunicarunt pari iure et
63 705 1112 787 adhuc intercommunicant. Et quo ad hoc quod predictus Willelmus de Sancto Mauro asserit predictam communam tempore vite
63 737 1067 820 seisine predicti Radulfi fuisse exclusam cum non sit immo e tempore durante pocius in quendam
66 765 1088 846 modum pascendi conuersa dicit quod quamcicius ipsa tenementa in manibus diuersorum dispersa fuerunt statim communa
64 795 1107 877 predicta tenemento ad quod prius pertinuit se adhesit et reuinxit. Per quod ex quo paratus sit per assisam
67 831 1091 909 verificare tam possessionem suam propriam quam longtinam seisinam predictorum Willelmi patris Roberti auunculi sui
65 861 1062 939 et ceterorum tenencium predictorum modo quo predicitur de tanto tempore vsitatas videtur ei quod hoc sibi
67 899 996 966 sufficere debet pro titulo ad assisam istam in casu isto attingendam et petit iudicium etc.
67 923 1113 1003 Et predictus Willelmus de Sancto Mauro dici vIterius pro predicta assisa euidencius excludenda quod predictus Willelmus
62 953 1086 1034 Broun nullam aliam terram tenet in predicta villa de Hanyngton nisi illam tantum quam predictus
70 982 1098 1060 Radulfus de Hanyngton tenuit vnanimiter cum predicto prato. Vnde racionibus predictis consideratis petit iudicium
69 1019 1092 1092 si assisa ista sine nouo titulo procedere debeat etc. Postea predictus Willelmus Broun non est prosecutus. Ideo
66 1047 1102 1122 consideratum est quod predictus Willelmus de Sancto Mauro eat inde sine die. Et predictus Willelmus Broun et plegii
66 1102 697 1153 sui de prosequendo scilicet Iohannes Broun et Ricardus le Rede in misericordia etc.
