1092 1134
13 20 1056 69 ¶ Radulfus Basset de Weldon Ricardus persona ecclesie de Cranesley et Galfridus de Stanerne de Sutton attachiati
36 51 1075 97 fuerunt ad respondendum domino regi de placito quare cum dominus E. nuper rex Anglie pater domini regis nunc precepisset
38 82 1080 135 tunc vicecomiti suo comitatus predicti quod omnia bona et catalla que fuerunt Walteri de Langeton nuper Couentriensis et Lychfeldensis
39 114 1068 164 Episcopi die quo obiit qui in diuersis debitis prefato patri regis etc. --- de tempore quo fuit Thesaurarius domini E. quondam
40 147 1060 199 regis Anglie aui domini regis nunc et aliis de causis tenebatur caperet in manum suam et idem vicecomes virtute man
39 177 1078 232 dati predicti bona et catalla que fuerunt ipsius episcopi die obitus sui in manerio suo de Asshele ad valenciam trescen
37 206 1068 264 tarum librarum inuenta cepisset in manum ipsius patris domini regis nunc predicti Radulfus Ricardus et Galfridus simul cum
44 238 1041 295 Willelmo Latymere Bouchard Henrico filio Radulfi de Sutton Roberto filio Henrici de Sutton Johanne Hoggese de
40 271 1056 326 Weston Thoma Aungere de Weston Roberto Toppe de Weldon Ricardo Blome de Rokyngham et Thoma
43 300 1036 356 Petit de Sutton bona et catalla predicta in manum ipsius patris etc. sic capta et ibidem inuenta vi et armis
43 330 1059 382 ceperunt et asportauerunt in ipsius regis patris etc. et domini regis nunc preiudicium et solucionis debitorum predictorum retardacio
43 360 1050 416 nem. Et vnde Thomas de Tochewyk qui sequitur pro domino rege dicit --- quod cum Iohannes de
45 394 1049 448 Aston nuper vicecomes predicti regis patris etc. comitatus predicti per preceptum ipsius regis patris etc. die Mercurii proxima post festum Apostolorum
43 426 1055 477 Simonis et lude anno regni ipsius regis patris quintodecimo bona et catalla que fuerunt predicti episcopi die quo obiit
47 455 1043 509 qui in diuersis debitis prefato regi patri tenebatur etc. scilicet frumentum ordeum auenam pisas fabas fenum foragium
47 483 1051 539 in manerio predicti episcopi de Asshele ad valenciam trescentarum librarum inuenta in manum predicti regis patris cepisset predicti
43 513 1058 572 Radulfus Ricardus persona ecclesie de Cranesley et Galfridus simul etc. bona et catalla predicta in manum ipsius regis patris etc.
49 540 1056 600 sic capta et apud manerium predictum inuenta die Lune proxima post festum Sancti Martini proximo sequenti vi et armis
53 568 1056 627 scilicet gladiis arcubus et sagittis et equis coopertis continuando de die in diem per quindecim dies proximo sequentes ceperunt
54 597 1070 654 et asportauerunt in ipsius regis patris etc. et domini regis nunc preiudicium et solucionis debitorum predictorum retardacionem. Vnde dicit
54 623 1064 682 quod dominus rex deterioratus est et dampnum habet ad valenciam mille librarum. Et hoc paratus est verificare pro rege etc.
55 651 1059 709 Et predicti Radulfus Ricardus persona ecclesie de Cranesley et Galfridus veniunt et defendunt vim et iniuriam et quiequid est in preiudicium
53 680 1059 736 regis patris etc. et preiudicium domini regis nunc quando etc. Et bene defendunt quod ipsi nulla bona seu catalla in manum domini
55 709 1045 762 regis patris etc. capta prout predictus Thomas qui sequitur pro rege eis imponit ceperunt nec asportauerunt in preiudicium etc.
58 738 1052 790 Et de hoc ponunt se super patriam. Et idem Thomas qui sequitur pro rege similiter. Ideo preceptum est vicecomiti quod venire faciat
62 765 1065 817 hic die Martis proxima post festum Sancti Hillarii. xij. etc. per quos etc. et qui nec etc. ad recognoscendum etc. quia tam etc.
57 794 1069 850 Ad quem diem venit predictus Thomas qui sequitur pro rege etc. et similiter predicti Radulfus Ricardus et Galfridus etc. et
61 825 1065 889 similiter iuratores de consensu parcium electi. Qui dicunt super sacramentum suum quod idem Radulfus Ricardus et Galfridus
64 854 1078 921 non sunt in aliquo culpabiles de transgressione predicta. Ideo consideratum est quod iidem Radulfus Ricardus et Galfridus
66 882 1081 952 eant inde sine die etc. Et super hoc veniunt predicti Willelmus Henricus Robertus Tohannes Hoggese Thomas Robertus
62 909 903 977 Ricardus Blome et Thomas per magnam districcionem etc. Ideo ipsi in misericordia pro pluribus defaltis etc.
63 940 1063 1006 Et predictus Thomas de Tochewyk qui sequitur pro rege narrat versus eos pro rege in forma supradicta de
63 970 307 1018 transgressione predicta etc.
60 1001 1049 1063 Et iidem Willelmus le Latymer et alii per Tohannem de Helpeston attornatum suum dicunt quod ipsi non sunt
63 1029 1052 1094 inde culpabiles. Et de hoc ponunt se super patriam. Et predictus Thomas qui sequitur pro rege similiter.
60 1061 443 1113 Ideo preceptum est vicecomiti quod venire faciat hic.
