1112 1098
5 32 1081 65 Assisa venit recognitura si Henricus Cappe et luliana vxor eius iniuste etc. disseisiuerunt Galfridum abbatem de Becco Herlewini de libero tenemento
10 66 1091 100 suo in Wedon Bek post primam etc. Et vnde idem abbas per Ricardum le Blound attornatum suum queritur quod disseisiuerunt eum de vno mesuagio
13 96 124 127 cum pertinenciis etc.
12 123 1087 156 Et predicti Henricus et Iuliana non veniunt set quidam Thomas de Welton respondet pro eis vt balliuus etc. et dicit quod predictus abbas iniuste tulit
17 155 1083 187 assisam istam versus eos. Quia dicit quod ipsi tenent predictum mesuagium de ipso abbate vt de iure ipsius Iuliane et per finem quam
20 185 1078 222 ipsa Iuliana fecit in curia ipsius abbatis et quod per liberacionem balliui ipsius abbatis intrauerunt in eodem mesuagio tenedo per certa ser
20 213 930 247 uicia etc. et non per disseisinam etc. Et de hoc ponunt se super assisam. Et abbas similiter. Ideo capiatur assisa etc.
15 246 1078 285 Et iuratores de consensu parcium electi dicunt super sacramentum suum quod abbas de Becco Herlewini est dominus maneri de Wedon Bek et quod pre
18 273 1079 311 dicti Henricus et Iuliana sunt tenentes manerii predicti. Et dicunt quod talis est consuetudo in manerio predicto et fuit a tempore quo non ex
23 302 1074 339 tat memoria hucusque videlicet quod post mortem cuiuslibet tenentis de eodem manerio propinquior sanguine ad tenementa illa petenda
20 333 1071 366 veniet ad curiam ipsius abbatis coram balliuo suo seu eius locum tenente et faciet finem pro ingressu habendo in eisdem tenementis ad volun
27 362 1089 394 tatem ipsius abbatis et seisinam inde optinebit per virgam ex liberacione balliui D Et quod si aliquis de tenentibus dicti abbatis velit terram
22 389 1086 424 suam dimittere alicui extraneo su aduenticio veniet ad curiam ipsius abbatis et tenens terram illam reddet sursum in manus
23 416 1086 450 domini et idem extraneus seu aduenticius illam resumet ex liberacione balliui manerii predicti per virgam tenendam secundum consuetudinem ma
23 444 1075 480 nerii predicti et per finem faciendam ad voluntatem ipsius abbatis. Et si aliquis extraneus seu aduenticius ingressus fuerit in huiusmodi
21 475 1084 508 tenementum contra voluntatem abbatis licebit eidem abbati ipsum amouere et terram illam intrare et in manu sua tenere quousque
24 505 1084 536 finem inde fecerit pro voluntate ipsius abbatis. Dicunt eciam quod nullus tenencium de manerio predicto de aliquibus tenementis infra idem
23 532 1096 567 manerium existentibus placitare debet nec vnquam placitauit per breue de recto clausum nec per breue de recto patens ad communem legem
18 562 1093 596 set tantummodo in curia ipsius abbatis ad querimoniam parcium coram balliuo ipsius abbatis sine breui. Dicunt eciam quod omnes tenentes
23 591 1093 627 manerii predicti ab antiquo talliari consueuerunt singulis annis et temporibus retroactis talliati fuerunt ad centum solidos
18 617 1105 656 vel ad vnum palefridum precii centum solidorum ad voluntatem ipsius abbatis quousque balliui ipsius abbatis postea plus exigerunt
16 648 1102 687 et leuauerunt ab eisdem de talliagio predicto pro voluntate sua iam viginti annis elapsis. Dicunt eciam quod omnes tenentes
16 675 1099 719 predicti debent facere finem cum predicto abbate pro filiabus suis maritandis et erunt prepositi ipsius abbatis per electionem tenencium
16 705 1100 747 curie sue predicte. Dicunt eciam quod predictus abbas nunc dimisit predictum manerium cum pertinencis cuidam Rogero de Belegraue tenendum
13 734 1090 779 ad terminum annorum. Qui quidem Rogerus predictum mesuagium cum pertinencis in cura ipsiusabbatis liberauit predictis Henrico et Iuliane te
16 761 1098 809 nendum sibi et heredibus ipsius Iuliane secundum consuetudinem manerii predicti per finem quem inde fecerunt cum eodem in curia predicta.
15 794 1091 842 Et iuratores quesiti si predictus Rogerus fuit balliuus ipsius abbatis potestatem habens ad curias suas tenendas et ad huiusmodi terras
9 827 1093 874 dimittendas et fines inde recipiendas dicunt quod sic. Quesiti eciam si idem abbas vel aliquis nomine suo amo
17 860 1084 904 uit predictos Henricum et Iulianam post liberacionem eis inde factam per predictum Rogerum seu intrauit in eisdem dicunt quod
21 893 1089 933 non. Quesiti eciam si predictus abbas ratum habuit factum predicti Rogeri quo ad liberacionem predictorum tenementorum dicunt quod non set quamcicius
21 925 1088 965 hoc ei constabat impetrare fecit assisam istam versus predictos Henricum et Iulianam. Et quia compertum est per assisam istam quod
23 957 1092 998 predicti Henricus et luliana intrauerunt in predicto mesuagio per liberacionem predicti Rogeri balliui ipsius abbatis habentis potestatem dicta tenementa
26 990 1095 1030 liberandi vt senescallus dicti abbatis et per finem quem cum eo fecerunt ad opus ipsius abbatis absque aliqua iniuria seu disseisina eidem
23 1023 1096 1061 abbati inde facienda consideratum est quod predictus abbas nichil capiat per assisam istam set sit in misericordia pro falso clamore et quod predicti Henricus
25 1056 291 1087 et luliana eant inde sine die.
