1188 948
30 41 102 85 Willelmus
914 46 1008 88 tresdecim
10 20 1160 118 ¶ abbas de Sancto Wandregesilio prebendarius prebende de Vpauene in ecclesia beate Marie Saresburiensi per Bernardum Le
37 62 1159 153 Engleys attornatum suum petit versus Thomam de Boketon. Chyualer sexaginta et --- solidatas et quatuor
39 110 1176 189 denarratas redditus cum pertinenciis in Boketon et Multon et versus Iulianam que fuit vxor Iohannis de Boketon triginta
45 160 1167 230 et sex solidatas et octo denarratas redditus cum pertinenciis in eisdem villis vt --- jus prebende sue predicte
50 205 1174 268 et in quas iidem Thomas et Juliana non habent ingressum nisi per Iohannem de Boketon cui Willelmus de Nutriuilla
55 242 1135 306 quondam abbas de Sancto Wandregesilio prebendarius predicte prebende predecessor predicti prebendarii illas dimisit
56 282 1170 342 sine assensu et voluntate decani et capituli loci predicti. Et vnde idem abbas per predictum attornatum suum dicit quod predictus
59 323 1139 377 Willelmus de Nutriuilla quondam Abbas etc. predecessor. predicti prebendarii etc. fuit seisitus de predictis redditubus
65 361 1127 418 in dominico suo vt de feodo et iure prebende sue predicte tempore pacis. Tempore. E. Regis aui domini regis nunc
65 405 858 456 capiendo inde explecia ad valenciam. etc. et in quas etc. Et inde producit sectam etc.
69 445 1146 493 Et Thomas et Iuliana veniunt. Et predicta Juliana quo ad redditum versus cam petitum dicit quod ipsa tenet predictum
69 485 1132 535 redditum in dotem ex dotacione predicti Iohannis de Boketon quondam viri etc. de hereditate predicti Thome
72 524 1151 577 et in forma predicta vocat ipsum Thomam ad Warantum qui presens est in curia. et gratis ei Warantizat. Et idem Thomas
77 564 1149 613 tam quo ad predictum. redditum versus eum petitum quam ad predictum redditum quem eidem Juliane Warantizat defendit jus
77 598 1164 651 ipsius abbatis quando etc. Et dicit quod predictus Willelmus de Nutriuilla predecessor etc. nunquam seisitus fuit de predictis
78 633 1164 690 redditibus vt de jure prebende sue predicte prout jdem Willelmus abbas per breue suum supponit immo vt de jure ecclesie
85 672 938 714 ipsius abbatis de Sancto Wandregesilio etc. Et hoc paratus est verificare etc. vnde petit iudicium etc.
86 707 1155 763 Et abbas dicit quod predictus Willelmus predecessor etc. seisitus fuit de predictis redditibus ut de jure prebende sue predicte.
87 742 1171 799 Et hoc paratus est verificare per patriam. Et predictus Thomas similiter. Ideo preceptum est vicecomiti quod venire faciat hic die Lune
83 779 1073 837 proxima post festum Purificacionis beate Marie. xij. etc. per quos etc. et qui nec etc. ad recognoscendum etc. qua tam etc.
87 817 1162 871 Postea ad diem illum predictus Thomas venit et optulit se versus prefatum Willelmum abbatem de placito predicto. Et ipse
92 853 1168 902 non venit. Et fuit petens. Ideo predictus Thomas inde sine die et predictus Willelmus abbas et plegii sui de prosequendo in
97 886 558 929 misericordia videlicet Iohannes Alman et Thomas Page.
