906 1089
11 15 882 72 Assisa venit recognitura si Willelmus de la Grene Capellanus et Nicholaus frater ejus injuste etc. disseisiverunt Willelmum
21 55 881 112 de Hempton de libero tenemento suo in Alvinneleg post primam etc. Et unde queritur quod disseisiverunt eum de quatuor
31 114 163 154 acris terre etc.
28 132 872 186 Et Willelmus et alii veniunt et dicunt quod predictus Willelmus de Hempton injuste queritur de predictis quatuor acris terre
30 168 854 222 quia dicunt quod non posuit in visu suo nisi tantum tres acras terre. Et preterea dictus Willelmus Capellanus
31 204 882 262 dicit quod de illis tribus acris terre non disseisivit predictum Willelmum de Hempton, quia dicit quod quidam Henricus filius
34 240 869 305 Willemi de Alwineleg de bona et pacifica seisina sua ipsum feoffavit de predictis tribus acris terre,
34 283 601 348 et quod predictus Willelmus de Hempton nunquam habuit inde aliquam seisinam.
29 307 860 386 Et Willelmus de Hempton bene cognoscit quod predictus Henricus filius Willelmi aliquo tempore fecerat predicto
33 344 889 423 Willelmo de la Grene quandam cartam de feoffamento de predicta terra, sed dicit quod nunquam aliquam seisinam
36 384 888 460 inde habuit per predictam cartam. Dicit enim quod predictus Henricus filius Willelmi per longum tempus ante confeccionem
34 421 852 502 predicte carte dimiserat predictam terram cuidam Henrico de Pirie ad terminum viginti annorum.
32 462 872 541 Et postea infra terminum illum fecit predicto Willelmo de la Grene predictam cartam absque aliqua seisina
29 499 865 582 quam ei inde fecisset. Et postea obit predictus Henricus de Pirie ante finem predicti termini viginti
30 540 888 616 annorum. Et quod idem Henricus in ultima voluntate sua legavit legavit residuum termini
27 578 895 659 sui que endem terram tenuit post mortem predicti Henrici viri sui eodem modo quo idem Henricus
30 627 885 697 eam tenuit. Et postea quidam Henricus de Morf disponsavit eam et intravit in eandem
31 668 894 735 seisinam de predicta terra et postea in processu temporis venit predictus Willelmus de Hempton et tantum fecit
42 707 892 777 versus predictum Henricum filium Willelmi de Alvineleg quod idem Henricus ipsum feoffavit de predicta
42 747 893 814 terra et cartam suam ei inde fecit per sic quod satisfaceret predicto Henrico de Corf firmario
45 786 894 856 de termino suo et idem Willelmus de Hempton tantum fecit versus eundem Henricum de Corf . quod
47 823 900 895 idem Henricus remisit ei totum residuum termini sui ita quod tam per predictum Henricum filium Willelmi
43 857 902 929 feoffatorem suum quam per predictum Henricum de Corf firmarium intravit Willemus de Hempton
45 897 873 969 in seisina predicte terre et remansit in bona et pacifica seisina quousque predicti Willelmus de la
47 939 903 1010 Grene et alii ipsum inde disseisiverunt. Et de hoc ponit se super assisam. Et juratores veniunt et hoc idem
48 974 902 1048 dicunt super sacramentum suum. Et ideo consideratum est quod predictus Willelmus de Hempton recuperet seisinam suam
46 1032 581 1089 per visum recognitorum. Et predicti Willelmus de la Grene et alii in misericordia.
