1148 586
6 30 1137 60 Robertus filius Simonis de Twyford petit versus Nicholaum de Pyrie de Touecestre et Iohannam vxorem eius septem acras
20 71 1138 94 terre et dimidiam et vnam acram prati cum pertinencis in Touecestre quas Iohannes filius Galfridi de Burcote dedit Simoni de Twy
21 104 1138 129 ford clerico in liberum maritagium cum Iohanna filia eiusdem Iohannis et que post mortem predictorum Simonis et Iohanne prefa
26 142 916 163 to Roberto filio et heredi eorundem Simonis et Iohanne descendere debent per formam donacionis predicte.
27 177 1132 198 Et Nicholaus et Iohanna veniunt et dicunt quod predictus Robertus nichil juris clamare potest in predictis tenementis. Quia dicunt quod predicti Si
36 208 1113 233 mon et Iohanna quibus predictus Robertus supponit predicta tenementa fuisse data in liberum maritagium habuerunt
39 240 1123 264 mon et Iohanna quibus predictus Robertus supponit predicta tenementa fuisse data in liberum maritagium habuerunt
32 274 1125 298 Iohanne successit eis in eisdem tenementis vt filius et heres etc. Et de predictis tenementis feoffauit predictos Nicholaum et Iohannam vxorem eius
42 305 1126 332 tendendo eisdem Nicholao et Iohanne et heredibus ipsius Nicholai et obligauit se et heredes suos ad warantizandum predicta tenementa
46 339 1124 364 eisdem Nicholao et Iohanne et heredibus ipsius Nicholai imperpetuum. Et proferunt cartam predicti Hugonis que hoc idem testatur
43 373 1134 399 etc. Et dicunt quod idem Robertus frater et heres predicti Hugonis satis habuit per decensum hereditarium de ipso Hugone in feodo
45 406 1127 431 simplici in eadem villa. Et hec pretendunt verificare et petunt judicium etc. Et predictus Robertus non dedicit quin predictum
45 436 1122 463 scriptum sit factum predicti Hugonis fratris etc. sed dicit quod ipse nuncquam aliquid habuit per decensum hereditarium in feodo sim
52 470 1125 496 plici de predicto Hugone sicut predicti Nicholaus et Iohanna dicunt. Et hoc petit quod inquiratur per patriam. Et Nicholaus
53 502 1133 532 et Iohanna similiter. Ideo preceptum est vicecomiti quod venire faciat hic die Lune proximo post octabas Sancti Hilarii . xij. etc. per quos
52 534 519 557 etc. Et qui nec etc. ad recognoscendum etc. Quia tam etc.
