1121 1171
4 15 1111 77 ¶Assisa venit recognitura si Willelmus de Sancto Mauro senior iniuste etc. disseisiuit Willelmum Broun de Glapthorn de communa pasture
37 53 1101 108 sue in Hanyngton que pertinet ad liberum tenementum suum in eadem villa post primam etc. Et vnde queritur quod disseisiuit eum de
38 85 1094 135 communa pasture communicandi in sex acris prati cum omnimodis auseris --- quolibet anno a tempore falcacionis
40 118 1086 168 et leuacionis feni vsque ad festum Purificacionis Beate Marie. Et Willelmus de Sancto Mauro venit et dicit quod assisa non
167 159 230 178 inter eos
42 147 1097 202 debet inde fieri dicit enim quod tempore regis E. patris domini regis nunc tam tenementa ipsius Willelmi Broun ad que
44 185 1100 236 dicit communam pasture in predicto prato esse pertinentem quam ipsum pratum quod idem Willelmus de Sancto Mauro nunc tenet
48 219 1098 268 fuerunt in seisina cuiusdam Radulfi de Hanyngton in dominico suo vt de feodo; quo tempore communa pasture in aliquo
30 256 1109 307 proprio solo suo ad aliquod aliud proprium solum eiusdem non pertinuit nec de iure dici potuit pertinere cum durante possessione
41 283 1096 331 predicti Radulfi de vtroque tenemento simul et semel nulla dependencia commune in no predictorum tenementorum ad aliud tenementum attrahi
40 307 1107 357 potuit. Vnde petit iudicium etc. Et Willelmus Broun non dedicit quin vtraque tenementa predicta fuerunt simul et
40 331 1102 385 semel in seisina predicti Radulfi. Set dicit quod ipse habet in predicta villa diuersas antiquas tenuras ad quas communa
42 359 1113 415 pasture in predicto prato pertinet et ab antiquo pertinuit de qua tam ipsemet quam Willelmus pater eius et Robertus
45 387 1108 443 auunculus eius quam eciam alii ipsa tenementa tenentes fuerunt seisiti vt pertinente etc. Vnde cum predictus
41 417 1100 474 Willelmus de Sancto Mauro nullam separalitatem in predicto prato allegat fuisse tempore predicti Radulfi et idem
44 446 1099 505 Willelmus Broun propriam possessionem suam de predicta communa paratus sit verificare per assisam petit iudicium
48 483 1088 535 si ab assisa ista repelli debeat etc. Et Willelmus de Sancto Mauro dicit quod ex quo predictus Willelmus
44 508 1092 565 Broun non dedicit vnicam seisinam predicti Radulfi in forma predica in vtroque tenemento habitamcuius seisina
47 540 1097 595 omnimodam communam exclusit de iure et idem Willelmus nullum titulum ostendit per quem ius communicandi
52 573 1109 625 ibidem ei accrescere potuit post seisinam predicti Radulfi predictam petit iudicium si ad aliquam possissionem
50 602 1105 655 commune sicut predicitur excluse verificandam de tam tardo tempore admitti debeat nisi de aliquo nouo titulo
53 634 1104 687 communam attribuente docere possit etc. --- Et Willelmus Broun dicit quod diuerse tenure terrarum et pratorum in predicta
59 663 1081 719 villa de Hanyngton sparsim iacent racione quarum quilibet tenens in alterius tenuris semper
57 686 1089 750 hactenus a tempore quo non extat memoria post vesturam asportatam intercommunicarunt pari iure et
62 713 1112 781 adhuc intercommunicant. Et quo ad hoc quod predictus Willelmus de Sancto Mauro asserit predictam communam tempore vite
62 745 1067 814 seisine predicti Radulfi fuisse exclusam cum non sit immo e tempore durante pocius in quendam
66 773 1088 840 modum pascendi conuersa dicit quod quamcicius ipsa tenementa in manibus diuersorum dispersa fuerunt statim communa
63 803 1107 871 predicta tenemento ad quod prius pertinuit se adhesit et reuinxit. Per quod ex quo paratus sit per assisam
66 839 1091 903 verificare tam possessionem suam propriam quam longtinam seisinam predictorum Willelmi patris Roberti auunculi sui
64 869 1062 933 et ceterorum tenencium predictorum modo quo predicitur de tanto tempore vsitatas videtur ei quod hoc sibi
67 907 996 960 sufficere debet pro titulo ad assisam istam in casu isto attingendam; et petit iudicium etc.
66 931 1113 997 Et predictus Willelmus de Sancto Mauro dici vIterius pro predicta assisa euidencius excludenda quod predictus Willelmus
61 961 1086 1028 Broun nullam aliam terram tenet in predicta villa de Hanyngton nisi illam tantum quam predictus
70 990 1098 1054 Radulfus de Hanyngton tenuit vnanimiter cum predicto prato. Vnde racionibus predictis consideratis petit iudicium
69 1027 1092 1086 si assisa ista sine nouo titulo procedere debeat etc. Postea predictus Willelmus Broun non est prosecutus. Ideo
65 1055 1102 1116 consideratum est quod predictus Willelmus de Sancto Mauro eat inde sine die. Et predictus Willelmus Broun et plegii
65 1110 697 1147 sui de prosequendo scilicet Iohannes Broun et Ricardus le Rede in misericordia etc.
