1071 1549
5 40 1050 101 Iohannes filius Philippi de Neuille de Brampton per Philippum de Pounfrayt attornatum suum petit versus Philippum de
32 79 1050 134 Neuille de Stotton tresdecim mesuagia vnam acram et decem virgatas terre et dimidiam et quatuor libratas
33 116 1040 166 et decem denaratas reddilus et redditum vnius libre cimini cum pertinenciis in Magna Brampton et versus
29 151 1035 201 Simonem de Haldenby vnum mesuagium et duas virgatas terre cum pertinencis in eadem villa vtIus etc.
35 212 357 238 per breue de forma donacionis etc.
30 221 1058 271 Et Philippus et Simon per Willelmum de Kelleseye attornatum suum veniunt. Et alias dixerunt quod vterque eorum tenuit
36 254 1022 304 tenementa versus es separatim petita ad terminum vite ex dimissione Willelmi de Neuille et in forma illa
30 285 979 335 vocauerunt inde ipsum Willelmum ad warantum etc. Qui modo venit per summonicionem et gratis eis warantizat in forma predicta
24 319 1026 366 Et predictus Iohannes per predictum attornatum suum petit versus eum predicta tenementa cum pertinencis et dicit quod quidam Philippus de
30 353 1048 398 Neuille de predictis tenementis cum pertinenciis fuit seisitus in dominico suo vt de feodo et iure tempore pacis tempore
32 387 1046 432 H. regis proaui domini regis nunc capiendo inde explecia ad valenciam etc. qui quidem Philippus tenementa illa dedit
29 426 1031 462 cuidam Iacobo de Neuille et heredibus de corpore suo exeuntibus qui per donum illud fuit seisitus de
27 461 1032 500 predictis tenementis in dominico suo vt de feodo et Iure per formam etc. ita quod si idem Iacobus sine herede de
28 497 1056 532 corpore suo exeunte obiret predicta tenementa cum pertinenciis Radulpho fratri ipsius Iacobi etheredibus de corpore suo exeun
24 532 1026 566 tibus remanerent et si idem Radulphus sine herede de corpore suo exeunte obiret predicta tenementa cum pertinenciis
20 562 1024 603 Philippo fratri eiusdem Radulphi et heredibus de corpore suo exeuntibus remanerent: et que post mortem predictorum
12 602 1024 638 Iacobi Radulphi et Philippi fratris Radulphi prefato Iohanni filio et heredi eiusdem Philippi fratris Radulphi remanere debent
13 641 1055 676 per formam donacionis predicte eo quod vterque predictorum Iacobi et Radulphi obit sine herede de corpore suo exeunte
17 693 344 707 Et inde producit sectam etc.
9 715 1048 738 Et Willelmus dicit quod cum predictus Iohannes de seisina nullius sui antecessoris petit versus eum predicta tenementa
14 752 1047 773 set tamquam extranea persona a asserens sibi fore remanenda post mortem predictorum Iacobi Radulphi et Philippi
14 788 1053 811 fratris etc. per formam donacionis predicte que per speciale factum habet ostendi et de quo idem Iohannes nichil profert
12 824 1035 849 petit Iudicium si sine specialitate responderi debeat. Et Iohannes dicit quod in curia domini H. regis proaui
18 860 1034 885 domini regis nunc apud Westmonasterium in octabis Sancte Trinitatis anno regni sui quadragesimo septimo coram
9 899 1051 923 Rogero de Thurkelby et sociis suis tunc iusticiaris ipsius domini regis de Banco leuauit quidam finis inter
11 940 1051 960 Iacobum de Neuille querentem et Philippum de Neuille impedientem de quatuordecim libratis terre cum pertinencis
24 982 1042 995 in Magna Brampton que sunt predicta tenementa petita per quem finem idem Philippus recognouit illam terram
22 1017 1041 1032 cum pertinencis esse ius ipsius Iacobi vt illam quam idem Iacobus habet de dono predictiPhilippi habendam
23 1050 1033 1071 et tenendam eidem Iacobo et heredibus suis de corpore suo procreatis et si contingat quod predictus
13 1089 1051 1108 Iacobus obierit sine herede de corpore suo procreato tota predicta terra cum pertinencis suis remaneat Radulpho
26 1127 1026 1150 fratri ipsius Iacobi et heredibus de corpore suo procreatis et si contingat quod idem Radulphus obierit
24 1169 1031 1188 sine herede de corpore suo procreato predicta terra cum pertinencis remaneat Philippo fratrieiusdem Radulphi et
23 1203 1016 1224 heredibus de corpore suo procreatis. Et dicit quod ipse est filius eiusdem Philippi et quod virtute eiusdem finis
29 1238 930 1265 predicta tenementa ei debent remanere etc. Et profert hic partem finis predicte que hoc testatur etc.
21 1273 1048 1299 Et Willelmus dicit quod vbi predictus Iohannes filius Philippi supponit predictum Iacobum habuisse predicta tenementa de
31 1305 1050 1336 dono predicti Philippi de Neuille idem Iacobus nuncquam aliquid habit in eisdem de dono eiusdem
29 1343 1050 1371 Philippi. Et de hoc ponit se super patriam. Et Iohannes filius Philippi similiter. Ideo preceptum est vicecomiti quod venire
27 1378 1042 1406 faciat hic die Veneris in tercia septimana Quadragesime . xij. etc. per quos etc. Et qui nec etc.
32 1413 1049 1443 ad recognoscendum etc. quia tam etc. Ad quem diem predictus Willelmus optulit se versus predictum Iohannem de
24 1450 1045 1482 predicto placito. Et ipse non venit. Et fuit petens. Ideo predictus Willelmus inde sine die. Etpredictus Iohannes
29 1486 685 1515 et plegii sui de prosequendo in misericordia etc. Querantur nomina plegiorum etc.
