1083 289
-2 0 1060 89 a Radulphus Parleben de Multon felonice interfectus Iohannem de Carlton in villa de Multon Et statim
19 34 1067 122 post factum captus fuit et liberatus Iohanni de Wyleby tunc vicecomiti istius comitatus etc. Ideo . respondeat heredes dicti Iohannis quo
18 66 1074 158 deuenit . catalla eius . viij. d. vicecomes respondeat. Et nichil de inventore quia habuit iura ecclesiastica. --- Postea iuratores
17 100 1061 192 hundredi de Neubotlesgaue testantur quod predictus Iohannes de Carleton a custodia predicti Iohannis de Wyleby
13 132 1067 226 felonice euasit, de cuius euasione Robertus filius et heres predicti Iohannis de Wyleby oneratur in predicto hundredo
17 164 1064 255 de Neubotlegraue. Ideo nichil vlterius versus heredes predicti Iohannis hic etc. --- Et idem Iohannes de Carleton
19 198 646 269 abiurauit regnum coram coronatore prout patet in hundredo predicto etc.
