1331 855
119 31 1273 70 Willelmus le Wylde, garcio Radulphi de Nouo Castro carettarii felonice interfecit eundem Radulphum in campis de Multon
1025 54 1064 87 mo
148 69 1248 113 die Lune proxima post festum sancti Mathie apostoli anno regni regis Edwardi aui regis nunc . xxmo Et predictus Willelmus
139 102 1256 146 statim post factum fugit Ideo catalla eius confiscantur pro fuga. Catalla eius .lxxvij. s. viij. d. ob unus vicecomes respondeat. Postea
139 137 1255 181 iuratores testantur quod predictus Willelmus captus fuit et ductus coram iusticiariis ad gaolam castri Northamton deliberandam assignatis
145 176 1233 215 et ibidem pro felonia predicta suspensus. Primus inuentor obiit. Postea compertum est per rotulos Iohannis de Bucketon
143 212 1264 251 coronatoris quod predicta bona et catalla fuerunt predictorum Radulphi. Iohannis Wombe, et Willelmi Wylde. Et super hoc dominus Edwardus rex
140 245 1236 287 auus etc mandauit breue suum vicecomiti et coronatoribus in hec verba. --- Edwardus dei gracia rex Anglie dominus Hibernie, et dux
138 274 1237 320 Aquitanie, vicecomiti Northamton et coronatoribus eiusdem comitatus salutem. Quia ex relatu fidedignorum accepimus quod vos quedam bona et
132 306 1257 356 catalla que fuerunt Radulphi le Caretter de Nouo Castra subtus Lym nuper iuxta parcum Northamton per quosdam male
134 338 1256 391 factores et pacis nostre perturbatores interfecti vt dicitur cepistis in manum nostram ac si bona et catalla predicta per feloniam
125 368 1266 429 per prefatum Radulphum factam essent forisfacta vobis precipimus quod si ita est tunc accepta sufficienti securitate de Milicen
136 401 1247 462 ta que fuit uxor eiusdem Radulphi de bonis et catallis predictis vel precio eorundem iuxta appreciacionem legalium per vos
127 433 1259 494 faciendam nobis respondendi in itinere iusticiariorum nostrorum proximo itineraturorum in comitatu predicto si ad nos debeant pertinere bona
127 465 1251 527 et catalla illa prefate milicente sine dilacione deliberari faciatis per securitatem predictam. Et habeas ibi hoc breve. Teste
128 493 1272 558 me ipso apud Tratenton decimo die Marcii . anno . regni nostri . vicesimo. --- Pretextu cuius brevis . Iohannes Druel tunc
129 524 1256 592 vicecomes et predictus coronator ceperunt inquisicionem super premissis per quam compertum fuit quod predicta bona et catalla fuerunt predicti
125 562 1256 626 Radulphi interfecti et nullius alij. --- Que quidem catalla liberata fuerunt predicte Milicente per manucapcionem Ade
128 596 1262 659 de Esseby, Thomae ad Crucem de Bucketon, Willelmi Prest de Briclesworth et Philippi le Clerk de Wolaston ad
126 634 1247 690 respondendum regi coram iusticiariis itinerantibus in forma predicta etc. --- Et modo veniunt --- executores predicte Milicente et
127 668 1239 719 dicunt quod predicta catalla fuerunt predicti Radulphi quondam viri praedicte Milicente etc. et petunt quod predicta catalla possint
120 704 1251 751 sibi remanere etc. Et iuratores testantur quod predicta catalla fuerunt in communi predictorum Radulphi, Iohannis Wombe et Willelmi
120 742 1266 788 Wylde prout superius compertum est per rotulos coronatoris. Ideo respondeant domino regi de tercia parte catallorum predictorum scilicet de .xxv. s .
112 785 421 821 xi. d . et residuum remaneat etc.
