1187 2292
74 11 912 61 Radulfus Basset de Welledon chiualer et lohanna vxor eius in misericordia pro pluribus defaltis.
93 35 1145 103 Iidem Radulfus et Iohanna sumoniti fuerunt ad respondendum abbati de Pipwell de placito quod permittant ipsum abbatem
86 69 1154 134 presentare idoneam personam ad ecclesiam de Asshele que vacat et ad suam spectat donacionem etc. Et nde idem abbas
89 103 1148 169 per Nicholaum de Stamford attornatum suum dicit quod ad ipsum pertinet ad predictam ecclesiam presentare. Dicit enim quod quidam
88 138 1152 206 Ricardus de Daunz et quidam Robertus quondam abbas de Pipwell predecessor istius abbatis fuerunt coniunctim seisiti
89 177 1156 242 de aduocacione ecclesie predict tempore pacis tempore domini Ricardi regis consanguinei domini regis nunc qui eodem tempore presenta
87 211 1154 276 runt ad predictam ecclesiam quemdam Rogerum de Pateshull clericum suum qui ad presentacionem suum fuit admissus et
88 249 1152 314 institutus. Et de ipso Ricardo descendit is partis sue de aduocacione predicta cuidam Agneti vt filie et heredi et de
89 287 1148 346 ipsa Agnete cuidam Petro Peuerel vt filio et heredi. ita quod vacante predicta ecclesia tempore domini regis Iohannis dissencio oriebatur
84 322 1151 386 inter predictum Petrum Peuerel et quemdam Rogerum tunc abbatem predecessorem etc. de presentacione ecclesie predicte. Super qua quidem
84 358 1156 418 dissencione ita conuenit inter eos, quod idem Petrus haberet primam presentacionem et predicts abbas et successors sui haberent
82 391 1166 453 secundam presentacionem ad eandem, et sic predicts Petrus et heredes sui et predictus abbas et successores sui alternis vicibus
82 428 1157 487 ad predictam ecclesiam clericos sos presentarent imperpetuum. Et dicit quod vacante predicta ecclesia per mortem predicti Rogeri de Pa
80 460 1159 518 teshull idem Petrus virtue conuencionis predicte ad predictam ecclesiam presentauit quemdam Magistrum Ricardum de
81 495 1152 549 Langton clericum suum qui ad presentacionem suam fuit admissus et institutus tempore pacis tempore eiusdem regis
78 534 1142 586 lohannis. Et vacante predicta ecclesia per resignacionem eiusdem magistri Ricardi quidam Thomas quondam abbas predecessor etc.
82 570 1145 623 ad eandem ecclesiam presentauit quemdam Elyam de Grafton clericum suum qui ad presentacionem suam fuit admissus
80 611 1147 658 et institutus tempore pacis tempore domini Henrici regis proaui domini regis nunc. Et dicit quod de predicto Petro descendit jus
75 644 1153 696 presentandi cuidam Agneti vt file et heredi que quidem Agnes vacante predicta ecclesia per mortem predicte Elie ad
77 682 1168 737 candem ecclesiam presentauit quemdam Willelmum Peuerel clericum suum qui ad presentacionem suam fuit admissus et insti
79 719 1163 771 tutus tempore pacis tempore eiusdem domini regis Henrici. Ita quod vacante ecclesia predicta per mortem predicti Willelmi Peuerel quidam
76 754 1167 803 lohannes quondam abbas predecessor etc. racione turni sui ad ipsum tun spectantis ad eandem ecclesiam presentauit quendam
74 788 1166 840 Andream le Burguylloun clericum suum qui ad presentacionem suam admissus fuit et institutus tempore pacis tempore
75 825 1155 879 domini Edwardi regis aui domini regis nunc. Et dicit quod de predicta Agnete descendit jus etc. cuidam Radulfo vt filio et heredi et de
80 862 1155 910 ipso Radulfo quia obiit sine herede de se descendit is etc. cuidam Ricardo de Pydyngton vt consanguineo et heredi
82 894 1151 948 qui quidem Ricardus partem suam aduocacionis ecclesie predicte alienauit cuidam Waltero de Langton qui quidam Walterus vacante
82 930 1148 979 predicta ecclesia per mortem predicti Andree per predictum abbatem vltimo presentati ad eandem ecclesiam racione perquisiti de predicto Ricardo
82 963 1154 1017 ad quem in illa vacacione pertinuit presentasse racione turni etc. presentauit quemdam Nicholaum de Misterton clericum suum qui
84 999 1145 1052 ad presentacionem suam fuit admissus et institutus tempore pacis tempore eiusdem regis Edwardi aui etc. Et dicit quod vacante cadem
89 1031 1138 1085 ecclesia per resignacionem predicti Nicholai quidam Ricardus abbas predecessor etc. ad eandem ecclesiam presentauit quemdam Radulfum
88 1068 1147 1126 de Stokes clericum suum qui ad presentacionem suum fuit admissus et institutus tempore pacis tempore eiusdem regis Edwardi aui
88 1103 1148 1160 etc. Et dicit quod vacante eadem ecclesia per resignacionem predicti Radulfi predicts Walterus de Langton in turno suo ad ipsum
84 1138 1142 1196 tunc spectate ad eandem ecclesiam presentauit quemdam Thomam de Blaston clericum suum qui ad presentacionem suam fit ad
93 1171 1140 1230 missus et institutus tempore pacis tempore eiusdem regis Edwardi aui etc. Ita quod vacante eadem ecclesia per mortem predicti Thome
91 1207 1137 1263 quidam Thomas abbas predecessor etc. ad eandem ecclesiam presentauit quemdam Willelmum le Hunte clericum suum qui
88 1243 1145 1302 ad presentacionem suam fuit admissus et institutus tempore pacis tempore domini Edwardi regis patris domini regis nunc. Et dicit
86 1277 1154 1334 quod vacate predicta ecclesia per mortem predicti Willelmi predicts Walterus de Langton racione turni sui ad predictam ecclesiam
85 1311 1157 1369 presentauit quemdam Magistrum Robertum de Weston clericum suum qui ad presentacionem suam fuit admissus et institutus tempore
90 1347 1132 1402 pacis tempore eiusdem regis Edwardi patris etc. per cuius resignacionem predicta ecclesia modo vacat. Et dicit quod racione turni in
92 1378 1133 1433 ista vacacione ad ipsum abbatem spectantis ad ipsum pertinet ad predictam ecclesiam ad presens presentare. Vnde per hoc quod predicti
91 1407 1136 1468 Radulfus et Iohanna cum iniuste impediunt dicit quod deteriorates est et dampnum habet ad valenciam ducentarum librarum.
92 1443 348 1479 Et inde producit sectam etc.
93 1475 1133 1533 Et Radulfus et Iohanna per Iohannem de Helpeston attornatum suum veniunt et dicunt quod ipsi habent statum quem predicts Walterus de
94 1502 1135 1569 Langton habuit in aduocacione ecclesie predicte. Et non possunt dedicere quin ad predictum abbatem ad predictam ecclesiam
97 1534 1125 1599 ad presens pertinet presentare, immo bene concedunt quod idem abbas habeat presentacionem suam ad ecclesiam predictam
98 1567 1136 1634 ista vice salua sibi presentacione sua ad eandem in proxima vacacione sequente. Ideo consideratum est quod predicts abbas recuperet
100 1598 1124 1662 versus eos presentacionem suam ad predictam ecclesiam et dampna sua ad valorem eiusdem ecclesie duorum annorum o quod predicti
101 1631 1110 1690 Radulfus et Iohanna cognoscunt quod tempus labitur. Et habeat breue episcopo Lincolniensi quod non obstante reclamacione ipsorum Radulfi et
106 1665 1125 1722 Iohanne ad presentacionem predict abbatis ad ecclesiam predictam idoneam personam admittat. Et Radulfus et Iohanna in misericordia.
111 1694 1130 1756 Set quia nescitur quantum predicta ecclesia valeat per annum et eciam dubitatur de fraude contra statutum etc. preceptum est vicecomiti
110 1725 1123 1788 quod venire faciat hic die Mercurii proxima post festum Sancti Martini .xxiiij . etc. per quos etc. et qui predictum abbatem nulla etc.
115 1754 1127 1826 ad recognoscendum in forma predicta etc. et quod scire faciat capitalibus dominis feodi mediatis et immediatis quod tunc sint etc.
113 1788 1138 1859 si etc. Et interim cesset execucio.  Ad quem diem venit predictus abbas per predictum attornatum suum. Et vicecomes mandauit quod
114 1816 1129 1894 sire fecit capitalibus dominis feodi mediatis et immediatis essendi hic etc. si etc. Et iuratores veniunt, qui dicunt super sacramentum
111 1852 1124 1926 suum quod quidam Robertus abbas de Pipwell predecessor istius abbatis et quidam Ricardus de Daunz tempore regis Ricardi
111 1881 1119 1958 consanguinei domini regis nunc tenuerunt coniunctim aduocacionem predicte ecclesie et ad eandem ecclesiam presentarunt quemdam
115 1913 1132 1992 Rogerum de Pateshull clericum suum qui ad eorum presentacionem fuit admissus et institutus eodem tempore et quod postea
111 1943 1119 2022 tempore regis Iohannis super quadam dissencione inter quemdam Petrum Peuerel consanguineum et heredem predicti Ricardi et
112 1978 1113 2053 quemdam Rogerum abbatem de Pipwell predecessorem istius abbatis mota de aduocacione predicta ita conuenit inter
114 2003 1113 2086 eosdem scilicet quod idem Petrus et heredes sui et idem Rogers abbas et successores sui alternis vicibus ad ecclesiam
114 2041 1117 2115 predictam clericos sos imperpetuum presentarent. Et dicunt quod ab illo tempore semper hactenus quilibet abbas in
116 2074 1125 2145 qualibet altera vacacione ad ecclesiam predictam clericum suum presentauit virtute conuencionis predicte sicut superius
109 2107 1099 2178 in narracione predicti abbatis continetur. Vnde dicunt quod predicts abbas nunc habet ius presentandi ad ecclesiam pre
114 2135 1073 2209 dictam. et quod non est aliqua fraus inter ipsum abbatem et predictos Radulfum et Iohannam prelocuta. Et iuratores quesiti de
117 2162 1109 2242 valore ecclesie per annum dicunt quod predicta ecclesia valet per annum viginti libras. Ideo predicts abbas habeat
118 2193 1126 2267 execucionem predicti iudicii etc. et recuperet versus predictos Radulfum et Iohannam quadraginta libras pro dampnis suis ad
117 2217 640 2278 valorem eiusdem ecclesie durum annorum eo quod tempus labitur etc.
