1093 975
38 24 1057 56 ¶ Prior ecclesie beate Marie de Huntyngdon per Willemum Ganet attornatum suum alias in curia hie ad primam assisam optulit se
48 56 1065 87 versus Robertum de Rissheton de placito quare cum de communi consilio regni regis prouisum sit quod non liceat alicui vastum
45 85 1068 112 vendicionem seu destruccionem facere de terris domibus boscis seu gardinis dimissis sibi ad terminum vite vel annorum
43 116 1055 144 idem Robertus de domibus et gardinis in Rissheton que Robertus quondam prior ecclesie beate Marie de Huntyndon pre
36 150 1060 175 decessor predicti prioris ei dimisit ad vitam ipsius Roberti de Rissheton fecit vastum vendicionem et destruccionem
39 186 1064 212 ad exheredacionem ecclesie ipsius prioris beate Marie de Huntyngdon et contra formam prouisionis predicte etc.
40 221 1069 253 Et ipse non venit. Et alias preceptum fuit vicecomiti quod summoneret eum quod esset hic ad primam assisam. Et vicecomes nichil inde fecit
41 257 1048 285 set mandauit quod predictus Robertus nichil habet in balliua sua vbi potest summoniri etc. Ideo preceptum fuit vicecomiti quod
37 294 1063 320 summoneret eum ad tenementa vastata etc. quod esset hic die Veneris proxima post festum Sancti Martini; et vnde etc. Ad quem
34 330 1070 351 diem predictus prior optulit se versus predictum Robertum de predicto placito. Et ipse non venit. Et vicecomes tunc mandauit quod pre
31 363 1070 388 dictus Robertus fuit summonitus etc. Ita quod tunc preceptum fuit vicecomiti quod attachiaret eum quod esset hic die Sabati proxima post festum
30 398 1060 424 Sancte Katerine etc. Ad quem diem predictus prior optulit se versus predictum Robertum de predicto placito. Et ipse tunc non venit.
24 432 1073 452 Et vicecomes nichil inde fecit. Ita quod tune sicut prius preceptum fuit vicecomiti quod attachiaret eum quod esset hic ad hunc diem
24 463 1075 486 scilicet diem Mercurii proximam post octabas Sancti Hillarii. Et modo venit predictus prior per predictum attornatum suum et optulit se versus
23 498 1071 520 predictum Robertum de predicto placito. Et ipse non venit. Et vicecomes modo mandat quod predictus Robertus nichil habet
20 534 1073 557 in balliua sua per quod potest attachiari. Ideo preceptum est vicecomiti per statutum etc. quod distringat eum per omnes terras etc. et
16 572 1078 593 quod de exitibus etc. et quod habeat corpus cius hic die Sabati proxima post octabas Purificacionis beate Marie etc. Ad quem
16 606 1081 627 diem venit predictus prior per predictum attornatum suum et optulit se versus predictum Robertum de predicto placito. Et ipse non venit.
11 641 1071 662 Et preceptum fuit vicecomiti quod distringeret eum vt patet supra. Et vicecomes modo mandat quod idem Robertus nichil habet
15 678 1076 698 in balliua sua per quod potest distringi. Ideo per statutum preceptum est vicecomiti quod in propria persona sua accedat ad predicta
15 717 1071 734 tenementa vastata et ibidem coram eo venire faciat .xij. etc. et per eorum sacramentum diligenter inquirat quod vastum quam
13 753 1080 775 vendicionem et destruccionem predictus Robertus fecit in predictis tenementis et inquisicionem inde distincte et aperte factam
13 791 1074 814 constare faciat iusticiaris hic die Lune in prima septimana Quadragesime sub sigillo et sigillis etc. Etinterim etc.
12 828 1076 854 Ad quem diem vicecomes non misit preceptum. Ideo sicut prius preceptum est vicecomiti quod in propria persona sua accedat ad predicta
11 862 1073 885 tenementa vastata et ibidem coram eo venire faciat .xij. etc. et per eorum sacramentum diligenter inquirat quod
10 899 1079 930 vastum quam vendicionem et destruccionem predictus Robertus fecit in predictis tenementis et inquisicionem etc. scire faciat hic
6 938 832 965 die Lune in crastino quindene Pasche sub sigillo et sigillis etc. et interim etc.
