1083 289
-2 18 1060 102 a Radus Parleben de Multon felonice interfectus Iohem de Carlton in villa de Multon  Et statim
19 54 1067 135 post ftm capts fuit et liberats Iohi de Wyleby tunc vic istius com etc. Ideo . r . hered dti Iohis quo
18 86 1074 171 deuenit . cat eius . vij. d. vn vic. r. Et nich de inventor q huit iura eccliastica --- Postea iur
17 120 1061 205 hundri de Neubotlesgaue testantr quod predictus lohes de Carleton .a custodia predicti Iohis de Wyleby
13 152 1067 239 felonice euasit , de cuius euasione Robertus fil et heres predicti Iohis de Wyleby oneratr in predicto hundro
17 184 1064 268 de Neubotlegaue. Ideo nich vlterius versus hered predicti Iohis hic etc. --- Et idem Iohes de Carleton
19 218 646 282 abiur regnu coram coron prout patet in hundro predicto etc.
