1023 778
9 17 994 90 Jurata venit recognitura utrum unum mesuagium viginti et sex acras terre septem acre prati cum pertinenciis in Duddebir sint libera
22 60 966 134 elemosina pertinens ad ecclesiam de Duddebir unde Willelmus de Ros est persona an laicum feodum Roberti de Furches
25 104 969 174 Willelmi Lenfaunt et Johannis Blodenoch unde predictus Robertus xx acras terre et septem acras prati predictus Willelmus sex acras
25 144 986 218 predictus Johannes predictum mesuagium inde tenent. Et unde predictus Willelmus dicit quod quidam Osbertus predecessor suus quondam
28 185 992 260 persona predicte ecclesie fuit seisitus de predictis tenemento et mesuagio in dominico suo ut de feodo et jure tempore regis Ricardi avunculi
34 226 904 307 domini regis nune capiendo inde explecia ad valenciam etc. Et dicit quod idem Osbertus tenementa illa alienavit etc.
33 260 1006 345 Et Robertus et alii veniunt et predictus Willelmus vocat ad warantum predictum Robertum qui presens est et ei warantizat. Et tam
38 299 1002 389 de terra quam tenet quam de illa quam ei warantizat vocat ad warantum Ranulfum filium Walteri de Harpecote. Et Johanne
38 340 981 428 Blodenoch similiter vocat ad warantum predictum Ranulfum. Habeant eos die martis proxima post octabas Sancti Hillarii per auxilium curie.
34 384 1004 464 Postea ad diem illum non venit predictus Ranulfus. Et vicecomes testatur summonicionem. Ideo ipse resummoneatur quod sit die mercurii proxima post
40 424 994 502 festum Conversionis Sancti Pauli. Postea ad diem illum venit predictus Ranulfus et cos warantizat. Et dicit quod predicta tenementa
42 468 998 544 non sunt libera elemosina pertinens ad predictam ecclesiam, quia dicit quod predictus Osbertus nec aliquis predecessorum suorum unquam
45 517 995 581 fuit inde in seisina ut de libera elemosina pertinente ad predictam ecclesiam. Dicit enim quod nichil inde habuit nisi
48 564 923 624 redditum provenientem de predicto tenemento ita quod nichil inde habuit in dominico. Et de hoc ponit se super juratam.
47 616 1001 672 Juratores dicunt quod predicta tenementa sunt libera elemosina pertinens ad predictam ecclesiam de Duddebyr et non laicum
45 657 918 719 feodum predicti Ranulfi. Et ideo consideratum est quod predictus Willelmus de Ros recuperet seisinam suam et quod predicti
53 704 770 761 Robertus Willelmus et Johannes habeant de terra predicti Ranulfi ad valenciam. Et Ranulfus in misericordia.
