1007 959
17 4 990 54 ¶ Ass venit rec si Colemanus de Ludelawe avunculus Colemanni de Ludelawe fuit seisitus in dominico suo
36 34 992 83 etc. de uno mesuagio et xliii acris terre cum pertinenciis in Sete et dimidia virgata terre cum pertinenciis in Westlinton et uno
32 66 998 120 mesuagio et duabus acris terre cum pertinenciis in Stokes die quo obilt etc. et si etc. Unde Adam de Stok unum mesuagium
37 106 979 156 et duas acras terre. Willemus Coterel quinque acras terre. Simon Holegod unum mesuagium. Henrieus Melde unam acram.
34 143 982 205 Herbertus de Ledewych decem acras terre et dimidiam. Juliana que fuit uxor Coleman septem acras. Alicia Meyle
37 186 992 243 unam acram. Hisolda la Nune sex acras. Magister Hospitalis Sancti Johannis de Ludelawe decem acras terre
34 227 997 282 et dimidiam. Adam filius David et Rogerus frater ejus tres acras Stephanus le Walsse dimidiam virgatam terre inde tenent.
32 267 996 319 Et Adam de Stok et Isolda la Nune non veniunt. set omnes alii veniunt. Et Adam et Isolda fuerunt resummoniti.
33 307 990 353 Ideo capiatur assisa versus eos per defaltam. Et Juliana que fuit uxor Colemani dicit quod predictus Coleman injuste tulit
34 342 998 390 assisam istam versus eam quia dicit quod ipsa tenet terram versus eam petitam nomine dotis. Dicit enim quod ipsa fuit
36 394 992 432 uxor predicti Colemanni avunculi predicti Colemanni et dicit quod predicta terra versus eam petita post mortem ipsius Colemanni
33 436 974 475 quondam viri sui fuit terra illa ei assignata in dotem ut illam que eam contingit de libero tenemento quod fuit
37 479 972 519 predicti Colemanni viri sui. Unde dicit quod idem Colemannus le Blund est warantus predicte dotissue ita quod si
33 519 982 558 alius ipsam inde inplacitaret teneretur ei warantizare. Et predictus Colemannus le Blund non potest hoc
37 561 963 598 dedicere Et ideo consideratum est quod predicta Juliana inde sine die Et quod predictus Colemannus quo ad hoc nichil capiat per
37 605 991 641 assisam istam et sit in misericordia pro falso clamore Et predictus Willelmus et omnes alii dicunt quod predictus Colemannus injuste
45 651 987 688 tulit assisam istam quia dicunt quod predictus Colemannus avunculus ipsius Colemanni non obit seisitus de predictis tenementis
43 692 1003 729 dicunt enim quod idem Colemannus per longum tempus ante mortem suam tenementa illa dedit et concessit cuidam Colemanno
35 738 970 772 filio suo qui fuit inde in seisina et postea tenementa illa dedit et concessit ipsi Willelmo et aliis prenominatis Et de hoc
36 775 215 812 ponit se super assisam
32 819 976 866 Juratores dicunt quod predictus Colemannus avunculus predicti Colemanni de cujus morte assisa arramiata est obiit seisitus in
38 858 1005 900 dominico suo ut de feodo de omnibus predictis tenementis et post terminum et quod predictus Colemannus le Blund propinquior heres
40 900 995 940 ejus est Et ideo consideratum est quod predictus Colemannus recuperet seisinam suam etWillelmus Coterel et omnes alii in misericordia
