972 602
6 7 951 67 ¶ Ass. ven. rec. si Michaelis de Morton injuste etc. disseisivit Willemum flium Thome de libero tenemento suo in Norton post
20 47 963 97 primam etc. Et unde queritur quod disseisivit eum de uno mesuagio et dimidia virgata terre. Et Michaelis venit et dicit quod assisa non deberi de
16 89 955 134 fieri. quia dicit quod Northton est membrum de Conedovre quod est antiquum dominicum domini Regis in quo
18 123 946 170 nullum tale breve currit nisi parvum breve de recto clausum. Et de hoc ponit se super assisam. Et juratores veniunt et
22 162 953 211 super sacramentum suum hoc idem testantur. Et ideo consideratum est quod predictus Michaelis inde sine die. et Willmus filius Thome nichil
21 207 431 250 capiat per assisam istam et sit in misericordia pro falso clamore.
9 256 961 307 ¶ Ass. ven. rec. si Rogerus filius Celestrie et Nicholaus Tubbe injuste etc. disseisiverunt Willemum le Flemmeng de commu
20 294 935 348 na pasture sue in Northbyr' que pertinet ad liberum tenementum suum in eadem villa post primam etc. Et unde queritur
21 343 961 384 quod, cum habere solebat communam suam in tribus acris bruere per totum annum cum omnimodis averis suis, predicti Rogerus
20 376 939 421 et Nicholaus frussire fecerunt et in culturam redigere predictam brueram quo minus in ea communicare possit
25 422 173 453 tempore inbladicionis.
27 445 945 480 Et Rogerus venit et nichil dicit quare assisa remaneat. Et Nicholaus non venit nec fuit attachiatus quia non fuit inventus. Ideo capiatur
32 481 214 513 assisa versus eum per defaltam.
35 510 950 550 Juratores dicunt quod predicti Rogerus et Nicholaus disseisiverunt predictum Willelmum de predicta communa pasture injuste etc. sicut breve dicit.
38 552 752 588 Ideo consideratum est quod predictus Willelmus recuperet seisinam suam per visum recognitorum et Rogerus et Nicholaus in misericordia.
