972 602
6 1 951 68 ¶ Ass. ven. rec. si Michaelis de Morton injuste etc. disseisivit Willemum flium Thome de libero tenemento suo in Norton post
20 41 963 98 primam etc. Et unde queritur quod disseisivit eum de uno mesuagio et dimidia virgata terre. Et Michaelis venit et dicit quod assisa non deberi de
16 83 955 135 fieri. quia dicit quod Northton est membrum de Conedovre quod est antiquum dominicum domini Regis in quo
18 117 946 171 nullum tale breve currit nisi parvum breve de recto clausum. Et de hoc ponit se super assisam. Et juratores veniunt et
22 156 953 212 super sacramentum suum hoc idem testantur. Et ideo consideratum est quod predictus Michaelis inde sine die. et Willmus filius Thome nichil
21 201 431 251 capiat per assisam istam et sit in misericordia pro falso clamore.
9 250 961 308 ¶ Ass. ven. rec. si Rogerus filius Celestrie et Nicholaus Tubbe injuste etc. disseisiverunt Willemum le Flemmeng de commu
20 288 935 349 na pasture sue in Northbyr' que pertinet ad liberum tenementum suum in eadem villa post primam etc. Et unde queritur
21 337 961 385 quod, cum habere solebat communam suam in tribus acris bruere per totum annum cum omnimodis averis suis, predicti Rogerus
20 370 939 422 et Nicholaus frussire fecerunt et in culturam redigere predictam brueram quo minus in ea communicare possit
25 416 173 454 tempore inbladicionis.
27 439 945 481 Et Rogerus venit et nichil dicit quare assisa remaneat. Et Nicholaus non venit nec fuit attachiatus quia non fuit inventus. Ideo capiatur
32 475 214 514 assisa versus eum per defaltam.
35 504 950 551 Juratores dicunt quod predicti Rogerus et Nicholaus disseisiverunt predictum Willelmum de predicta communa pasture injuste etc. sicut breve dicit.
38 546 752 589 Ideo consideratum est quod predictus Willelmus recuperet seisinam suam per visum recognitorum et Rogerus et Nicholaus in misericordia.
