954 452
1 17 934 53 ¶ Odo de Hodenet. Radulfus de Araz. Johannes filius Philippi et Gilbertus de Buckenhulle quatuor milites summoniti ad eligendum xii.
18 51 939 86 etc. ad faciendum recognicionem magne assise summonite inter Radulfum le Butiller et Matillidem uxorem ejus petentes et Willelmum del Ake tenentem de septem
14 83 942 122 acris bosci cum pertinenciis in Wemme et unde idem Willelmus qui tenens est posuit se in magnam assisam domini regis et peciit recognicionem
14 115 940 160 fieri utrum ipse majus jus habeat in predicto bosco. an predicti Radulfus et Matillis venerunt et elegerunt istos. scilicet Radulfum de Arraz.
2 151 947 196 Stephanum de Buterlegh. Gilbertum de Bukenhull. Willelmum de Lechton. Thomam de Constantin. Petrum de Myneton. Rogerum Bar
15 189 857 231 Dolf. Galfridum le Poer. Johannem de Arundel. Maddocum de Sutton. Johannem filium Stephani et Willelmum de Furches.
4 225 948 272 ¶ Postea concordati sunt. Et Willelmus dat i marcam pro licencia concordandi per plegium ipsius Radulfi. Et est concordia talis quod predictus Willelmus recognovit pre
15 259 945 305 dictum boscum cum pertinenciis esse jus predicte Matillidis et illum ei reddit predictis Radulfo et Matillidi et remisit et quietum clamavit
21 293 939 342 de se et heredibus suis predictis Radulfo et Matillidi et heredibus ipsius Matillidis inperpetuum. Et pro hac et recognicione etc. predicti Radulfus
23 330 944 380 et Matillis dabunt predicto Willelmo quinque marcas argenti de quibus ei solvent meditatem ad mediam quadragesimam
24 367 930 417 anno xo et alteram meditatem ultimo die Maii anno eodem. Et nisi fecerit concedit quod vicecomes faciat
23 400 150 440 de terris etc.
