981 579
8 5 968 68 ¶ Ass venit rec si Alanus le Harpur injuste etc disseisivit Herbertum le Bretun de libero tenementosuo in
30 40 901 98 Upton post primam etc. Et unde queritur quod disseisivit eum de meditate unius virgate terre etc.
30 73 958 139 Et Alanus venit et dicit quod predictus Herbertus injuste tulit assisam istam quia dicit quod idem Herbertus alias
33 112 970 175 tulit assisam nove disseisine versus ipsum de eodem tenemento coram Magistro S. de Wauton justiciario ad hoc assignato per quam
32 145 980 210 convictum fuit quod idem Herbertus villanus fuit, ita quod idem Alanus per consilium curie recessit inde quietus
37 185 978 244 et predictus Herbertus remansit in misericordia. Et predictus Herbertus hoc idem cognoscit. Ideo consideratum est quod predictus Alanus
33 233 407 287 inde quietus. Et Herbertus pauper est etc.
13 299 979 368 ¶ Willelmus Mauduyt de Castro Halgod petit versus Priorem de Wenlok duas carucatas terre cum pertinenciis in Oxebaud
34 331 968 401 ut jus suum etc. Et unde quidam Robertus de la More antecessor suus fuit seysitus in dominico suo ut de feodo et
35 360 968 438 jure tempore Henrici regis avi domini regis nunc capiendo inde explecia ad valenciam dimidie marce etc. Et de ipso Roberto descendit jus
36 396 968 474 terre illius cuidam Agneti ut filie et heredi. Et de ipsa Agnete cuidam Thome ut filio et heredi. Et de ipso Thoma
36 433 962 506 cuidam Roberto ut filio et heredi. Et de ipso Roberto quia obiit sine herede de se cuidam Thome ut fratri et heredi.
38 465 972 537 Et de ipso Thoma quia obiit sine herede de se isti Willelmo qui nunc petit ut fratri et heredi. Et quod tale sit jus suum
37 528 134 566 offert etc.
