906 1089
11 21 882 71 Ass venit rec si Willelmus de la Grene Capellanus et Nicholaus frater ejus injuste etc. disseisiverunt Willelmum
21 61 881 111 de Hempton de libero tenemento suo in Alvinneleg' post primam etc. Et unde queritur quod disseisiverunt eum de quatuor
31 120 163 153 acris terre etc.
28 138 872 185 Et Willelmus et alii veniunt et dicunt quod predictus Willelmus de Hempton' injuste queritur de predictis quatuor acris terre,
30 174 854 221 quia dicunt quod non posuit in visu suo nisi tantum tres acras terre. Et preterea dictus Willelmus Capellanus
31 210 882 261 dicit quod de illis tribus acris terre non disseisivit predictum Willelmum de Hempton', quia dicit quod quidam Henricus filius
34 246 869 304 Willemi de Alwineleg' de bona et pacifica seisina sua ipsum feoffavit de predictis tribus acris terre,
34 289 601 347 et quod predictus Willelmus de Hempton' nunquam habuit inde aliquam seisinam.
29 313 860 385 Et Willelmus de Hempton' bene cognoscit quod predictus Henricus filius Willelmi aliquo tempore fecerat predicto
33 350 889 422 Willelmo de la Grene quandam cartam de feoffamento de predicta terra, sed dicit quod nunquam aliquam seisinam
36 390 888 459 inde habuit per predictam cartam. Dicit enim quod predictus Henricus filius Willelmi per longum tempus ante confeccionem
34 427 852 501 predicte carte dimiserat predictam terram cuidam Henrico de Pirie ad terminum viginti annorum.
32 468 872 540 Et postea infra terminum illum fecit predicto Willelmo de la Grene predictam cartam absque aliqua seisina
29 505 865 581 quam ei inde fecisset. Et postea obit predictus Henricus de Pirie ante finem predicti termini viginti
30 546 888 615 annorum. Et quod idem Henricus in ultima voluntate sua legavit legavit residuum termini
27 584 895 658 sui que endem terram tenuit post mortem predicti Henrici viri sui eodem modo quo idem Henricus
30 633 885 696 eam tenuit. Et postea quidam Henricus de Morf disponsavit eam et intravit in eandem
31 674 894 734 seisinam de predicta terra et postea in processu temporis venit predictus Willelmus de Hempton' et tantum fecit
42 713 892 776 versus predictum Henricum filium Willelmi de Alvineleg' quod idem Henricus ipsum feoffavit de predicta
42 753 893 813 terra et cartam suam ei inde fecit per sic quod satisfaceret predicto Henrico de Corf’ firmario
45 792 894 855 de termino suo et idem Willelmus de Hempton' tantum fecit versus eundem Henricum de Corf . quod
47 829 900 894 idem Henricus remisit ei totum residuum termini sui ita quod tam per predictum Henricum filium Willelmi
43 863 902 928 feoffatorem suum quam per predictum Henricum de Corf’ firmarium intravit Willemus de Hempton
45 903 873 968 in seisina predicte terre et remansit in bona et pacifica seisina quousque predicti Willelmus de la
47 945 903 1009 Grene et alii ipsum inde disseisiverunt. Et de hoc ponit se super assisam. Et juratores veniunt et hoc idem
48 980 902 1047 dicunt super sacramentum suum. Et ideo consideratum est quod predictus Willelmus de Hempton' recuperet seisinam suam
46 1038 581 1088 per visum recognitorum. Et predicti Willelmus de la Grene et alii in misericordia.
