938 835
4 14 917 61 Willelmus de Childegate appellat per breve domini regis Willmum Thorel, Joceum Haket, Ricardum Haket, Thomam Thock
14 55 913 103 et Johannem Festhard quod ubi fuit in pace domini regis apud Westurroke ante hostium coquine predicti Willelmi circa
20 97 908 148 horam vesperam die veneris proximo ante festum Sancti Philippi ante portam latinam anno xxxviii° venerunt
480 118 554 150 et ligaverunt
23 134 915 190 predicti Willemus et alii et ipsum ceperunt et inprisonaverunt in Curia ejusdem Willemi et ipsum in prisona de
22 175 906 233 tinuerunt per duos dies quousque deliberatus fuit per breve domini regis. Et cum ipsum abire permiserunt predictum
33 216 907 274 Willelmum verberaverunt et male-tractaverunt contra pacem etc. Et quod hoc fecit nequiter et in felonia et contra
28 273 264 317 pacem domini regis offert. etc.
27 304 920 367 Et Willelmus Thorel, Joceus et alii veniunt et defendunt feloniam, inprisonamentum et quicquid est contra pacem
34 342 920 406 domini regis. Et petunt sibi allocari quod quando hoc factum fieri debuit utesium non fuit levatum nec unquam postea
37 385 918 449 in comitatu presentatum. Et quia hoc convictum per coronatores et juratores consideratum est quod appellum ejus nullum per
40 425 906 493 quod etc. Set pro pace domini regis observanda inquiratur veritas per patriam. Et juratores dicunt super sacramentum suum quod
37 469 903 537 culpabiles sunt de inprisonamento et non de verberatura. Ideo consideratum est quod predictus Willelmus de Childegate
38 514 735 578 committatur Gaole pro falso appello. Et predicti Willelmus Torel et alii custodiantur pro transgressione.
44 547 919 620 Et Ricardus le Clav' et Johannes Festhard non venerunt. Et predictus Willelmus Torel manucepit habere ipsos coram justiciariis
44 614 237 660 et modo non habet. Ideo in misericordia.
43 620 914 700 Post venit predictus Willelmus Thorel et finem fecit pro se et omnibus alis appellatis per C solidos
51 708 117 743 per plegios.
47 734 932 808 Post venit predictus Willelmus de Childegate et finem fecit per dimidiam marcam per plegium Henrici de Helgheton.
