885 433
10 10 838 70 Agnes de Audham appellat Julianam que fuit uxor Roberti fili Philippi quod cum ipsa fuit in domo sua in pace
19 40 840 100 domini regis die dominica proxima post festum Sancti Hyllarii duobus annis elapsis, venit predicta Juliana cum forcia sua
16 72 860 129 et eam ejecit de domo sua, et asportaverunt quicquid intus invenerunt ut in pane et pluribus alis rebus. Ita quod
21 106 859 160 postea ivit predicta Agnes et petit pacem domini Regis de ea, et post pacem etc. venit predicta Juliana cum forcia sua
22 143 639 190 et adduxit iii boves et duos equos et xviii bidentes noctanter et petit sibi hoc emendari.
21 170 869 214 Et Juliana venit et defendit pacem infractam et feloniam et totum etc. et verus vult dicere et dicit quod predicta Agnes fuit
26 203 868 244 Braceressa et de feodo ipsius, et quia noluit vendere cervisiam secundum consuetudinem regni venit predicta Juliana, set ponere
27 235 865 275 ferram super hostium ubi cervisia posita fuit ut ipsam cogeret vendere secundum consuetudinem Hundreti etc et quod aliter
37 263 377 306 non fecit nec aliquam roberiam ponit se super patriam.
33 275 871 336 Eadem appellat de forcia Willelmum Ruffum, Johannem Fauvell, Henricum buile. Et Henricus venit et Willelmus et Johannes non
40 315 850 367 venerunt, et Willelmus attachiatus fuit per Ricardum delho detey’ et Radulfum Generis anglie de eadem, et Johannes per Eliam
42 346 657 399 le Carpenter de Audham et Robertum de la fovere de eadem. Et ideo omnes in misericordia.
36 383 626 423 Postea propter paupertatem ipsius Agnetis habet licenciam retrahendi se, et Juliana dat ei
