885 433
10 9 838 71 Agnes de Audham appellat Julianam que fuit uxor Roberti fili Philippi quod cum ipsa fuit in domo sua in pace
19 39 840 101 domini regis die dominica proxima post festum Sancti Hyllarii duobus annis elapsis, venit predicta Juliana cum forcia sua
16 71 860 130 et eam ejecit de domo sua, et asportaverunt quicquid intus invenerunt ut in pane et pluribus alis rebus. Ita quod
21 105 859 161 postea ivit predicta Agnes et petit pacem domini Regis de ea, et post pacem etc. venit predicta Juliana cum forcia sua
22 142 639 191 et adduxit iii boves et duos equos et xviii bidentes noctanter et petit sibi hoc emendari.
21 169 869 215 Et Juliana venit et defendit pacem infractam et feloniam et totum etc. et verus vult dicere et dicit quod predicta Agnes fuit
26 202 868 245 Braceressa et de feodo ipsius, et quia noluit vendere cervisiam secundum consuetudinem regni venit predicta Juliana, set ponere
27 234 865 276 ferram super hostium ubi cervisia posita fuit ut ipsam cogeret vendere secundum consuetudinem Hundreti etc et quod aliter
37 262 377 307 non fecit nec aliquam roberiam ponit se super patriam.
33 274 871 337 Eadem appellat de forcia Willelmum Ruffum, Johannem Fauvell, Henricum buile. Et Henricus venit et Willelmus et Johannes non
40 314 850 368 venerunt, et Willelmus attachiatus fuit per Ricardum delho detey’ et Radulfum Generis anglie de eadem, et Johannes per Eliam
42 345 657 400 le Carpenter de Audham et Robertum de la fovere de eadem. Et ideo omnes in misericordia.
36 382 626 424 Postea propter paupertatem ipsius Agnetis habet licenciam retrahendi se, et Juliana dat ei
