1064 712
15 15 1041 67 lohannes de la Mare de Bernewell petit versus lohannem de Thorp de Clopton vnum mesuagium cum pertinenciis in Clopton
23 48 1040 98 vt -- ius et hereditatem suam et in quod idem Iohannes de Thorp non habet ingressum nisi per Henricum quon
23 76 1040 123 dam personam ecclesie de Clopton cui Margeria que fuit vxor Willelmi de la Mare illud dimisit que illud tenuit
28 106 1040 152 ad vitam suam ex dimissione quam Iohannes le Carpentere de Wynewyk et Muriella vxor eius inde fecerunt
25 135 1042 180 eidem Margerie et prefato Willelmo quondam viro suo et heredibus ipsius Willelmi patris predicti Iohannis de la Mare cuius
28 166 1039 210 heres ipse est et quod post dimissionem per ipsam Margeriam prefato Henrico inde factam in feodo ad prefatum Iohannem
29 204 677 239 de la Mare reuerti debet per formam statuti in casu consimili prouisi etc.
22 223 1024 269 Et Iohannes de Thorp venit et defendit is suum quando etc. et dicit quod predictus Iohannes de la Mare nichil juris clamare
27 252 1031 296 potest in predicto mesuagio, quia dicit quod in seisina cuiusdam Willelmi de la Mare patris eiusdem Iohannis cuius heres
34 280 1030 324 ipse est fuit quedam place terre non edificata in qua predictum mesuagium modo situatur. Et dicit quod idem Willelmus
33 308 1037 354 placeam illam dedit Henrico de Audewyncle person ecclesie de Clopton consanguineo predicti Iohannis de Thorp cuius
35 337 1024 384 heres ipse est habendam et tenendam sibi et heredibus suis imperpetuum. Et obligauit se et heredes suos ad warantizandum etc.
34 367 1042 412 Et profert quandam cartam sub nomine predicti Willelmi, que hoc idem testatur. Et petit judicium ex quo dem Iohannes de
35 400 1025 440 la Mare vt filius et heres predicti Willelmi teneretur ipsi Iohanni de Thorp predictam placeam warantizare si ab alio
31 430 578 470 implacitaretur, si contra cartam predictam accionem habere possit etc.
33 461 1041 506 Et lohannes de la Mare bene cognouit predictam cartam esse factum predicti Willelmi set dicit quod per cartam illam ab agendo
39 493 1041 539 precludi non debet in hac parte. Quia dicit quod predicts Henricus de Audewyncle nunquam aliquid habuit in predicta placea de
39 528 1040 565 dono predicti Willelmi patris etc. sicut idem Iohannes de Thorp dicit. Et hoc petit quod inquiratur per patriam. Et Iohannes de
40 556 1048 593 Thorp similiter. Ideo preceptum est vicecomiti quod venire faciat hic die louis proximo post festum Sancti Martini proximo futurum .xij.
40 584 321 626 etc. per quos etc. quia tam etc.
37 613 1044 657 Ad quem diem predicts Iohannes de la Mare de Bernewell non est prosecutus. Ideo predictus Iohannes de Thorp inde sine die.
41 639 1045 688 Et predictus lohannes de la Mare de Bernewell et plegii sui de prosequendo in misericordia, videlicet Willelmus de Radburn et Robertus
39 668 179 705 de Sutton etc.
