1119 652
9 16 1101 50 Thomas filius Radulfi Lambert de Multon indictatus coram justiciariis hic de morte Rogeri Deyessone de Para Billyng
29 51 1102 83 apud Norhamton anno regni regis nunc secundo felonice interfecti reddidit se prisone regis in custodia vicecomitis etc. Venit
24 85 1058 122 per vicecomitem ductus et allocutus qualiter se velit de morte predicti Rogeri acquietare dicit quod ipse alias coram
34 119 1086 154 Waltero de Friskeney et sociis suis iusticiariis domini regis ad gaolam castri Norhamton deliberandam assignatis die Martis
26 151 1094 188 proxima post festum Sancti Mathei anno regni regis nunc secundo allocutus fuit de morte predicta et ibidem tanquam
29 181 1088 220 clerics conuictus liberatus fuit episcopo etc. Et de hoc vocat recordum rotulorum predicti Walteri de tempore predicto etc.
519 198 637 230 de morte predicta
29 216 1079 252 Et postea coram Henrico Lincolniensi episcopo se purgauit et profert inde litteras ipsius episcopi patentes in hec verba
43 247 1093 287 Vniuersis presentes litteras inspecturis Henricus permission diuina Lincolniensis episcopus salutem in omnium Saluatore. Quoniam
27 278 1055 318 omnia que geruntur vbique facilius memorie occurrere poterunt in futurum si recenter dum contingunt litterali
30 309 1061 350 pagine fideliter comendentur, vniuersitati vestre notum facimus per presentes quod Thomas Lambard clericus super
35 340 1059 381 morte Roger de Billyng interfecti a quibusdam notatus et ideo captus et incarceratus nobisque adiudicandus
34 371 1069 410 in foro ecclesiastico secundum canonicas sanctiones no modo vel alio per iusticiarios domini regis liberatus, post plures
34 405 1074 442 clamaciones in locis hui negocio oportunis solempniter et publice promulgatas cum nullus esset qui per viam
34 432 1085 476 accusacionis vel alio modo tantum facinus contra um prosequi attemptaret, de eodem crimine canonice se purga
36 464 1087 504 uit, propter quod idem clericus ab infamia criminis huis auctoritate nostra sententialiter absolutus et restitutus integraliter fame
35 493 1082 536 sue. In cuius rei testimonium has litteras nostras eidem clerico ad instanciam suam humilem et deuotam duximus
757 516 790 547 mo
32 525 1080 567 concedendas. Datum apud Eynesham sexto idus Aprilis anno Domini millesimo . ccc . tricesimo. -- Et super hoc
32 558 1059 601 quesitis rotulis predicti Walteri de tempore predicto compertum est in eisdem quod predicts Thomas tanquam clericus conuictus
32 597 699 636 liberatus fuit episcopo etc. pro morte predicta. Ideo idem Thomas inde sine die etc.
