1165 397
14 8 1098 46 Quidam Willelmus le Broun de Assheby Maris indictatus fuit coram Radulfo Bassetet Thoma, Wake conseruatoribus
24 37 1097 76 pacis domini regis de diuersis roberiis et latrociniis in comitatu isto per ipsum perpetratis. Et pre timore ne caperetur posuit se in
223 52 440 76 anno regni regis E. patris etc.  xix
22 68 1114 106 ecclesiam de Assheby Maris et custoditus in eadem per villatam de Assheby quousque idem Willelmus noctanter felonice euasit
20 102 1127 142 ab cadem. Ideo ad iudicium de euasione super villatam predictam. Et postquam sic euasit fugit et predicta villata ipsum proseque
16 140 1108 177 batur ad ipsum arrestandum et recapiendum. Et predictus Willelmus semper fugit et de quodam baculo quem habuit et de lapidibus
0 178 1125 209 quos inuenit se defendebat in quantum potuit, nolens se paci domini regis reddere. Et in defugiendo versus siluam de
636 196 938 225 in Assheby Maris que valet per annum iij. S.
202 195 421 217 per Rogerum Aunsel, qui obit.
10 215 1137 240 Assheby decapitatus fuit Catalla eius. viij. S., vnde vicecomes respondeat. Idem Willelmus habuit terram vnde annus et vastum .vj. s. . lij. d.
620 238 673 258 preteritis
2 254 1139 278 et de exitibus terre eiusdem per medium tempus .ix. s. pro tribus annis vnde vicecomes respondeat. Et quia Matillis vxor predicti Willelmi cepit
1 290 1142 315 catalla predicta sine waranto, ideo in misericordia. Et villate de Wyleby, Sywell, Barton, et Assheby falso appreciauerunt catalla predicta
7 322 1151 352 coram coronatore, ideo in misericordia. Et Ricardus Luuel coronator pro concelamento appreciandi catalla predict in misericordia. Postea venit
10 348 1148 376 Elias de Assheburn capitalis dominus terre predicte prout iuratores testantur et fecit finem cum domino rege pro ingressu habendo etc. per .xl. denarios,
12 371 962 396 per plegium Ricardi de Ketene et Roberti de Catteworth. Ideo nichil de valore eiusdem terre per annum vlterius.
