1165 397
14 1 1098 49 Quidam Willelmus le Broun de Assheby Maris indictatus fuit coram Radulfo Bassetet Thoma, Wake conseruatoribus
24 30 1097 79 pacis domini regis de diuersis roberiis et latrociniis in comitatu isto per ipsum perpetratis. Et pre timore ne caperetur posuit se in
223 45 440 79 anno regni regis E. patris etc.  xix
22 61 1114 109 ecclesiam de Assheby Maris et custoditus in eadem per villatam de Assheby quousque idem Willelmus noctanter felonice euasit
20 95 1127 145 ab cadem. Ideo ad iudicium de euasione super villatam predictam. Et postquam sic euasit fugit et predicta villata ipsum proseque
16 133 1108 180 batur ad ipsum arrestandum et recapiendum. Et predictus Willelmus semper fugit et de quodam baculo quem habuit et de lapidibus
0 171 1125 212 quos inuenit se defendebat in quantum potuit, nolens se paci domini regis reddere. Et in defugiendo versus siluam de
636 189 938 228 in Assheby Maris que valet per annum iij. S.
202 188 421 220 per Rogerum Aunsel, qui obit.
10 208 1137 243 Assheby decapitatus fuit Catalla eius. viij. S., vnde vicecomes respondeat. Idem Willelmus habuit terram vnde annus et vastum .vj. s. . lij. d.
620 231 673 261 preteritis
2 247 1139 281 et de exitibus terre eiusdem per medium tempus .ix. s. pro tribus annis vnde vicecomes respondeat. Et quia Matillis vxor predicti Willelmi cepit
1 283 1142 318 catalla predicta sine waranto, ideo in misericordia. Et villate de Wyleby, Sywell, Barton, et Assheby falso appreciauerunt catalla predicta
7 315 1151 355 coram coronatore, ideo in misericordia. Et Ricardus Luuel coronator pro concelamento appreciandi catalla predict in misericordia. Postea venit
10 341 1148 379 Elias de Assheburn capitalis dominus terre predicte prout iuratores testantur et fecit finem cum domino rege pro ingressu habendo etc. per .xl. denarios,
12 364 962 399 per plegium Ricardi de Ketene et Roberti de Catteworth. Ideo nichil de valore eiusdem terre per annum vlterius.
