1138 1440
13 7 1112 74 Matillis que fuit vxor Roberti de Hastyng petit versus Johannem filium Roberti de Hastyng terciam partem quadraginta
35 37 1107 104 et octo salidatarum redditus et redditus duarum gallinarum cum pertinenciis in Herliston Heyford Colyngtrough Dodeford
38 87 468 136 Welton Tokene et Stanerne vt dotem etc.
41 96 1099 171 Et lohannes venit et dicit quod predicta Matillis non debet inde dotem habere, quia dicit quod ipsa post mortem predicti Roberti
48 130 1101 195 quondam viri etc. de cuius dotacione etc. recepit quinquaginta solidatas redditus cum pertinenciis in villa de
52 162 1092 231 Flore ex assignacione abbatis Sancti lacobi extra Norhamton et cuiusdam Hawysie de Keynes custodum quarundam
52 199 1116 262 partium terre predicti Iohannis in allocacione tocius dotis ea contingentis etc. post mortem predicti Roberti quondam viri
58 236 921 293 in comitatu isto, vnde se tenuit contentam. Et hoc paratus est verificare, et petit iudicium etc.
54 265 1118 321 Et Matillis dicit quod cum predictus Iohannes nititur ipsam precludere de dote sua nunc petita asserendo ipsam recepisse pre
62 295 1082 352 dictas quinquaginta solidatas redditus in Flore pro tota dote ipsam contingente de libero tenemento quod fuit predicti
60 324 1092 381 Roberti quondam viri sui idem Iohannes hoc dicere non potest. Dicit reuera quod ipsa post mortem predicti Robert viri
67 356 1113 410 sui tulit breue de dote in curia domini E. regis patris domini regis nunc coram justiciariis suis de Banco termino Sancti Hillari
70 388 1116 442 anno regni sui decimo septimo versus predictum lohannem et peciit versus eum medietatem sex marcatarum redditus
68 416 1115 476 cum pertinenciis in predicta villa de Flore que tenentur in socagium. Peciit eciam versus Theobaldum de Gayton custodem
67 452 1098 511 ipsius Iohannis terciam partem decem solidatarum redditus cum pertinenciis in eadem villa de Flore. Quas quidem medietatem et
68 481 1114 527 tertiam partem ipsa recuperauit versus cos singillatim per judicium eiusdem curie regis, et quas ipsa modo tenet virtute
69 509 1095 555 eiusdem iudicii tanquam dotem ipsam contingentem de eisdem tenementis in Flore. Et ho pretendit verificare per recordum
66 539 1092 590 rotulorum eorundem iusticiariorum de Banco de tempore predicto. nde petit iudicium si ipsa de dote sua nunc petita per hoc
68 570 1113 621 precludi debeat. --- Et Iohannes bene cognouit predictum iudicium redditum fuisse versus ipsum et predictum Theobaldum
76 602 1103 654 custodem suum. Et dicit quod iudicium illud nunquam extitit executum etc. set predicta Matillis relicta execucione judicii
74 633 1105 684 illius postea venit in patria et per conuencionem factam inter ipsam et predictos Iohannem et Theobaldum custodem suum rece
76 665 1094 718 pit predictas quinquaginta solidatas redditus in Flore pro tota dote sua ipsam contingente de residuo liberi tenementi
76 698 1113 751 quod fuit predicti Roberti quondam viri sui. Et hoc pretendit verificare per patriam. Vnde petit judicium si ad verificacionem
83 744 401 777 quam pretendit admitti non debeat.
87 758 1107 810 Et Matillis dicit quod predictus Iohannes ad aliquam verificacionem patrie non est admittendus in hoc casu maxime
87 793 1111 841 cum ipse cognoscat predictum iudicium fuisse versus eum et predictum Theobaldum custodem suum redditum et ipsam Matillidem
88 829 1102 874 esse seisitam de predicta dote sua ipsam contingente de predictis tenementis in Flore, nec idem Iohannes aliquod factum
88 862 1117 905 speciale ostendat de conuencione predicta extra curiam facta. Et ex quo idem Iohannes non dedicit quin vir
86 895 1104 938 suus obit seisitus vt de feodo postquam ipsam desponsauit de tenemento nde ipsa nunc petit dotem precise
88 924 1101 969 petit iudicium et seisinam sibi adiudicari. Et quia predictus Iohannes filius Roberti superius cognouit predictum iudicium
90 960 1098 1002 de predicto redditu quadraginta solidorum uersus se ipsum redditum vt tenentem in socagio et uersus predictum
87 987 1116 1035 Theobaldum de predictus tribus solidatis et quatuor denaratis redditus vi custodem tenencie militaris nec affir
90 1015 1082 1063 mat in predictis abbate et Hawysia aliquem statum de predicto redditu per quod is vt custodibus vel alio modo aliquam
88 1043 1102 1104 assignacionem dotis prefate Matillidi facere potuissent nec aliquid de conuencione predicta curie ostendat: pre
86 1085 1097 1134 missis consideratis et aliis videtur curie quod predicta verificacio non est admittenda. Nec idem Iohannes filius Roberti
89 1120 1113 1163 aliquid aliud dicit etc. Ideo consideratum est quod predicta Matillis recuperet inde seisinam suam de dote sua predicta
88 1157 1113 1196 in predictis villis versus prefatum Iohannem. Et idem Iohannes in misericordia.  Et predicta Matillis petit dampna sibi audiu
83 1189 1109 1230 dicari o quod predictus Robertus quondam vir etc. obit seisitus de tenementis predictis etc. Et quia non potest liqueri curie
85 1225 1114 1265 si predictus Robertus obiit seisitus de tenementis predictis necne, preceptum est vicecomiti quod venire faciat hic die Lune proxima
90 1256 1113 1296 post festum Sancti Andre Apostoli .xij. etc. per quos etc. et qui nec etc. ad recognoscendum etc. Postea ad diem illum
90 1288 1122 1333 venit predicta Matillis, et similiter iuratores, qui dicunt super sacramentum suum quod predictus Robertus quondam vir etc. obit
89 1319 1110 1368 seisitus de predictis quadraginta solidatis redditus et redditu duarum gallinarum cum pertinenciis in predictis villis
90 1353 1115 1400 et quod predicta Matillis habuit dampna occasione detenticionis dotis sue predicte ad valenciam tresdecim
93 1386 713 1431 marcarum. Ideo predicta Matillis recuperet versus um dampna predicta etc.
