1103 609
10 6 1079 43 Robertus de Coleworth insultum fecit in Ricardum le Porter de Aynho in campis de Brackele et
17 45 1079 82 ipsum percussit cum quadam lancea vsque ad cor, quod statim inde obiit et predicts Robertus statim post
16 84 1091 126 factum fugit. Et postea captus fuit et in prisona castri Norhamton detentus tempore predicti Iohannis Druel
23 118 1078 159 tun vicecomitis. Ideo respondeat idem vicecomes seu eius heredes vel tenentes terras quo deuenit. Catalla predicti Roberti confiscantur pro
16 147 1089 196 fuga catalla eius .vj. s..vij.d. vnde vicecomes respondeat. Postea iuratores testantur quod lohannes Bryan Iohannes Knotte et Thomas
17 180 1082 226 de Marche presentes fuerunt quando predicta felonia facta fut et manentes sunt in patria. Ideo capiantur. Et quia predicts
13 214 1076 261 Iohannes Bryan fugit, ideo catalla eius confiscantur pro fuga. Catalla eius .vj. d.vnde vicecomes respondeat. Postea veniunt predicti
8 247 1094 292 Iohannes Braynet Thomas del Marche per vicecomitem ducti. Et iuratores in nullo malecredunt ipsum lohannem Brayn de morte predicta
17 275 1090 321 Set quia presens fuit et hutesium non leuauit nec malefactores cepit ideo dem Iohannes custodiatur. Postea idem Iohannes
12 311 1094 356 Brayn fecit finem cum domino rege pro transgressione predicta per .xx. denarios per plegium Willelmi Riche. Et quia predictus Thomas
13 344 1074 389 fugit et reddidit se suspectum de morte predicta, ideo idem Thomas allocutus qualiter se velit de
16 377 1084 422 eadem morte acquietare defendit mortem, totum, et quicquid etc. et quod in nullo est inde culpabilis de bono
10 406 1095 452 et malo ponit se super patriam. Et juratores villatede Brackele dicunt super sacramentum suum quod predictus Thomas
17 442 1089 485 in nullo est culpabilis demorte predicta. Ideo idem Thomas inde quietus. Set quia presens fuit et non cepit
20 477 1094 520 malefactorem, ideo in misericordia. Et non est aliquis qui respondeat pro predicto Iohanne quo deuenit, nec compertum est
11 509 1058 561 per rotulos coronatorum quod predicts Robertus de Coleworth obit in prisona. Ideo ad iudicium de euasione ipsius
14 540 574 593 Roberti super tenentes terras ipsius Iohannis etc.
