1179 310
19 13 1152 68 Rogerus atte Grene de Magna Dodyngton felonice interfecit quendam Nichm le Roo de Wylebi in campo de Wyleby
11 45 1159 103 Et statim post fum captus fuit et ductus ad gaolam castri Norht in custodia Iohis de Wylugby tunc vic Ideo
7 77 1148 138 respond eius heres quo deuenit. --- Postea ven Robertus fil et heres predicti Iohis et allocutus de predicto prisone quo
9 111 1161 167 deuen dicit . S quod no potest dedicere quin fuit vic tempore quo predictus Rogerus captus fuit, set dic quod Nichus de Segraue tun
9 140 1156 193 temporis fuit constabularies castri Norht et hait custodia om prisonu existenciu in castro predicto. Ita quod idem Rogerus
9 171 1159 226 nuqm in custodia predicti Iohis deuenit. Et hoc paratus est verificare prout curia etc. Ideo datus est ei dies, die Lune proxa post fm
5 191 1173 257 Sti Hillar etc. --- Postea ven Robs fil et hes predicti Iohis de Wilughby et nichil dicit quare de predicto prisone debet exonerari
11 217 1174 279 Ideo ad iudm de cuasione ipius Rogi super ipm Robtm fil et heredem predicti lohis etc. Postea compertum est per rotlos coron
13 262 573 301 quod predictus Rogerus obit in prisona. Ideo nichil de euasione etc.
