1331 855
119 31 1273 70 Wills le Wylde garcio Radi de Nouo Castro carettarii felonice interfecit eundem Radm in campis de Multon
1025 54 1064 87 mo
148 69 1248 113 die Lune prx’ post festum sti Mathie apoti anno regni regis E. aui regis nunc . xx. Et predictus Wills
139 102 1256 146 statim post fam fugit Io cat eius confiscantur pro fuga. Cat eius .lxxvij. s. .viij . d. ob vn vic re Postea
139 137 1255 181 iur testantur quod predictus Wills captus fuit et ductus coram iusticiariis ad gaolam castri Norht deliberandam assign
145 176 1233 215 et ibidem pro felonia predicta suspensus. Primus iuentor obiit. Postea compertu est per rotlos I. de Bucketon
143 212 1264 251 coron quod predicta bona et catalla fuerunt predictorum Radi. Iohis Wombe, et Willi Wylde. Et super hoc dus E. rex
140 245 1236 287 auus etc mandauit bre suu vic et coron in hec verba. --- Edwardus dei gra rex Anglie dus Hibern et dux
138 274 1237 320 Aquit, vic Norht et coron eiusdem com saltm. Quia ex relatu fidedignorum accepimus quod vos queda bona et
132 306 1257 356 catalla que fuerunt Radi le Caretter de Nouo Castra subtus Lym nuper iuxta parcum Norht per quosdam ma
134 338 1256 391 lefactores et pacis nre perturbatores interfecti vt dicitur cepistis in manu nram ac si bona et cat predicta per feloniam
125 368 1266 429 per prefatum Radm ftam essent forisfa, vobis precipimus quod si ita est tunc accepta sufficienti securitate de Milicen
136 401 1247 462 ta que fuit vx eiusdem Radi de bonis et cat predictis vel precio eorundem iuxta appreciacoem legaliu per vos
127 433 1259 494 faciend nob respondend in itine iusticiariis nrorum proxio itineraturorum in com predicto si ad nos debeant pertinere bona
127 465 1251 527 et catalla illa prefate milicente sine dilacione deliberari facis per securitate predam. Et heas ibi hoc bre. T.
128 493 1272 558 meipso apud Tratenton decio die Marcii . anno . r . n . vicesimo. --- Pretextu cuius bris . I. Druel tunc
129 524 1256 592 vic et predictus coron ceperunt inquis super premissis per quam compertu fuit quod predicta bona et catalla fuerunt predicta
125 562 1256 626 Radi interfecti et nullius alij. --- Que quidem catalla liberata fuerut predicte Milicente per manucapcoem Ade
128 596 1262 659 de Esseby, Thom ad Crucem de Bucketon, Willi Prest de Briclesworth et Phi le Clerk de Wolaston ad
126 634 1247 690 respond regi cora iusticiariis itinerant in forma predicta etc. --- Et modo ven --- executores predicte Milicente et
127 668 1239 719 dicut quod predicta catalla fuerut predicti Radi quondam viri predicte Milicente etc et petunt quod predicta catalla possint
120 704 1251 751 sibi remanere etc. Et iuratores testantur quod predicta catalla fuerunt in communi predictorum Radi, Iohis Wombe et Willi
120 742 1266 788 Wylde prout superius compertu est per rotulos coron. Ideo respond dno regi de tercia parte cat predictorum scilt de .xxv . s .
112 785 421 821 xi . d . et residuu reman etc.
