1123 277
3 10 1101 59 a Wills de ffilgraue felonice interfecit Iohem Walram in abbathia sti lacobiexta Norht . anno regni reg. E. prs
1 41 1101 92 drregs nuc tercio , et statim post fau fugit Ideo cat eius confiscantr pro fuga. Cat eius .xj. s.viij.d vn vic.r
2 77 1084 132 Postea iur testantr quod predictus Wills capts fuit et liberats in custodia , lohis de Wyleby tunc vic Norht Ideo .
8 107 1103 163 respond Robertus fil et heres eiusdem lohis quo deuenit . etc. prms inuentor obiit. --- Postea compertu est per
13 137 1097 195 rotul coron quod predictus Wills a custodia Nichi de Segraue tunc constabulari castri Norht felonice euasit . Ideo
5 164 1095 224 ad iudm de euasione ipius Willi super tenentes terrar ipius Nichi , Et postqam sic euasit capts fuit et ductus ad
11 211 805 253 gaolam predtam et ibide obiit in prsona.prout compert est per eosdem rotlos coron etc.
