1152 425
3 4 1122 47 Quidam lohes molendinar de Sprotton noctanter venit ad molendinu suu apud Haldenby, anno regni reg
18 39 1107 78 E. pris etc. quinto et inuenit quosdam Waltm le Pilede et Simon fil Stephi de Keylmerssh burgantes
19 68 1121 111 molendinum predictum. qui quide Walters et Simon in ipm Iohem insultu fecerunt, et predictus lohes hoc perpendens percussit
25 102 1117 144 dcu Waltm cu quoda baclo in capite quod statim inde obit, et predictum Simone cepit et ligauit et duxit
19 132 1125 176 apud Norht et ipm ibide libauit in custodia lohis de Wileby tunc vic etc. Ideo re. ten terrar etc. quo deuenit etc.
19 165 1121 210 Et iur testa quod predictus Iohes molendinar obit Ideo nich vlterius de eo. Prmus inuentor obit – Postea
19 197 1122 246 compertum est per rotlos . H. Spigurnel, et socor suorum justicum etc. ad gaola castri Norht deliberand assign, quod predictus
17 229 1112 279 Simon deuenit probator coram coron etc., et postea ductus cor eisde Iustic, etc. Et ques fuit ab eo si sequi
23 259 1124 307 voluisset appellu etc. qui dixit, quod clicus fuit, et non potuit sine ordinar responder etc. per quod tanqam clicus
19 292 1121 336 couictus liberatus fuit in custodia Nichi de Segraue tunc constabulari castri Norht etc. pro deftuordinar. Ideo
22 323 1115 366 r. ten terrar predicti Nichi quo deuen etc. Et non est aliquis qui ven responsr pro predicto Nicho nec compert
20 353 1125 394 est per rotlos coron quod obiit in prsona. Ideo ad iudiu de euas ipsius Simon super predictos tenent etc. Et postqam
22 388 602 421 sic euasit fugit et malecr Ideo exia et vtl. Nulla h cat.
