1083 289
-2 0 1060 89 a Radus Parleben de Multon felonice interfectus Iohem de Carlton in villa de Multon  Et statim
19 36 1067 122 post ftm capts fuit et liberats Iohi de Wyleby tunc vic istius com etc. Ideo . r . hered dti Iohis quo
18 68 1074 158 deuenit . cat eius . vij. d. vn vic. r. Et nich de inventor q huit iura eccliastica --- Postea iur
17 102 1061 192 hundri de Neubotlesgaue testantr quod predictus lohes de Carleton .a custodia predicti Iohis de Wyleby
13 134 1067 226 felonice euasit , de cuius euasione Robertus fil et heres predicti Iohis de Wyleby oneratr in predicto hundro
17 166 1064 255 de Neubotlegaue. Ideo nich vlterius versus hered predicti Iohis hic etc. --- Et idem Iohes de Carleton
19 200 646 269 abiur regnu coram coron prout patet in hundro predicto etc.
